794 1248
214 92 239 104 DE
251 92 382 105 PORRECTIONE
394 92 578 105 INSTRUMENTORUM.
655 94 661 105 1
666 94 672 105 1
677 93 683 104 1

106 132 140 147 siae
152 131 277 151 0ceidentalis5
292 132 324 148 toti
336 134 392 148 autem
405 132 491 148 Ecclesiae
502 132 607 148 Occidentali
619 137 684 153 porrec-

105 158 168 174 tionem
177 158 325 174 instrumentorum
334 163 367 174 non
375 158 479 174 accidentale
486 163 523 174 esse
531 158 571 174 ritus
579 158 684 174 additamen-

105 186 146 203 tum,
158 184 187 199 sed
200 184 287 200 materiam
301 184 410 200 necessariam
425 187 441 200 et
455 184 560 200 essentialem
574 185 685 203 sacramenti:

105 210 178 230 ideoque
185 210 299 225 ordinationes
307 209 411 231 Anglicanas
418 215 458 231 prae
468 210 535 226 defectu
546 210 595 226 huius
606 211 685 227 materiae

104 241 141 252 esse
148 236 217 252 omnino
225 236 310 252 invalidas.

138 262 174 278 18⁹*
197 261 290 282 Opiniones
305 262 421 283 theologorum
437 263 459 278 de
474 262 578 278 institutione
592 262 655 279 formae
668 265 685 279 et

105 288 184 304 materiae
192 290 334 304 sacramentorum
343 288 375 304 iam
384 288 460 309 superius
470 294 479 304 e
490 288 580 309 Gasparrio
591 289 685 305 rettulimus

106 315 128 334 (nt
138 314 179 335 9z);
190 319 234 335 quae
244 314 257 330 si
268 314 340 330 collatae
350 314 416 334 suerint,
423 319 445 330 ex
456 314 509 330 altera
519 315 592 335 pendere
602 315 685 331 videbitur

105 340 177 356 obiectio
188 345 239 360 quam
251 340 379 356 consideramus.
403 340 426 356 Et
436 340 535 356 nominatim
548 343 644 361 proponunt
656 341 685 356 ob-

105 366 175 382 iectores
189 366 261 386 Eugenii
274 366 303 382 1V.
316 366 402 382 Decretum
411 369 443 387 pro
455 366 538 385 Armenis,
550 371 584 387 quo
598 367 685 382 materiam

106 392 214 408 sacerdotalis
227 392 337 408 ordinationis
350 397 381 413 pro
395 392 470 408 Ecclesia
484 392 589 408 Occidentali
602 395 684 408 mutatam

105 418 156 434 fuisse
167 418 294 434 demonstrent&
318 418 338 434 ln
349 417 409 434 ultima
421 418 494 434 sessione
506 417 576 434 Concilii
588 418 686 437 Florentini,

106 444 165 465 legatis
171 444 285 460 Armenorum
292 444 370 460 unionem
377 449 415 460 cum
421 444 497 460 Ecclesia
503 444 581 460 Romana
585 444 685 465 petentibus,

106 470 184 486 Pontifex
192 470 233 486 illud
244 470 369 486 celeberrimum
380 470 465 486 decretum
476 470 533 489 edidit,
544 470 560 486 in
571 475 605 491 quo
615 471 636 486 de
647 471 686 486 doc-

105 496 149 512 trina
157 498 174 511 et
182 496 270 516 disciplina
279 495 367 515 Ecclesiae,
376 498 393 512 et
401 496 487 517 speciatim
496 496 517 512 de
525 496 595 512 materia
605 498 622 512 et
632 496 686 512 forma

107 524 254 541 sacramentorum,
260 522 377 542 perspicaciter
382 522 441 542 agitur.
461 521 500 543 Qua
506 522 527 538 de
533 527 583 538 causa
589 522 621 538 hoc
629 522 686 538 fecerit

106 548 122 563 in
137 548 176 568 ipsis
191 547 253 563 decreti
269 547 324 563 verbis
339 547 417 564 declarat*
447 548 548 568 '‘Expedire
563 548 686 568 iudicavimus,''

106 573 164 594 inquit¹
183 574 217 589 ‘'ne
235 573 269 589 ulla
284 574 300 589 in
316 573 390 590 futurum
406 574 427 590 de
443 574 481 590 fidei
496 574 566 590 veritate
580 575 626 595 apud
641 575 686 596 ipsos

107 599 191 615 Armenes
199 599 288 615 haesitatio
296 604 332 615 esse
340 599 399 618 valeat,
407 602 457 620 atque
466 600 509 615 idem
518 605 548 621 per
555 600 612 616 omnia
620 601 686 621 sapiant

106 630 144 641 cum
157 625 201 642 Sede
212 625 316 646 Apostolica,
324 626 396 646 unioque
408 626 444 646 ipsa
454 626 519 642 stabilis
530 628 547 642 et
559 629 639 647 perpetua
650 627 686 643 sine

106 651 141 667 ullo
155 652 234 673 scrupulo
249 654 348 673 perseveret,
362 654 380 668 ut
394 652 425 668 sub
439 652 511 673 quodam
526 652 571 668 brevi
585 653 686 674 compendio

105 678 211 694 orthodoxae
223 677 261 693 fidei
273 678 366 697 veritatem,
377 683 428 698 quam
440 683 490 698 super
501 678 596 698 praemissis
608 679 686 695 Romana

106 703 193 724 profitetur
205 703 285 722 Ecclesia,
296 708 326 724 per
337 703 368 719 hoc
380 704 470 723 decretum,
480 709 527 720 sacro
539 704 570 720 hoc
582 705 686 725 approbante

107 729 204 745 Florentino
218 729 298 749 Concilio,
310 729 349 750 ipsis
363 729 456 745 emtoribus
469 730 491 745 ad
507 730 539 746 hoc
552 730 603 746 etiam
617 736 685 747 consen-

106 756 190 775 tientibus,
201 755 318 772 traderemusss’
341 755 397 771 Huius
409 756 431 771 rei
443 756 497 776 gratia
508 759 547 777 post
558 756 591 772 alia
602 757 685 777 quaedam

106 782 147 798 satis
160 782 256 803 explanata,
270 782 324 803 pergit
337 782 358 798 ad
372 782 466 798 doctrinam
480 785 621 798 sacramentorum
633 788 686 804 expo-

107 808 184 824 nendam.
203 807 230 823 Ac
238 808 292 828 primo
300 808 353 823 sancti
361 807 468 828 baptismatis
476 809 484 816 “
490 808 575 827 Maiestas*
583 808 641 829 inquit,
649 810 686 825 “est

106 838 151 854 aqua
158 839 197 849 vera
205 836 222 850 et
230 833 324 850 naturalis.”
347 833 401 850 Simili
411 834 462 850 modo
474 833 588 850 Eucharistiae
598 835 686 851 materiam

106 860 156 876 docet
166 865 203 875 esse
214 865 274 880 panem
287 860 370 876 triticeum
381 862 398 876 et
410 860 467 876 vinum
479 860 500 876 de
512 860 549 876 vite.
573 861 615 876 Mox
627 861 685 877 eadem

106 886 170 902 ratione
178 886 219 902 haec
227 886 284 902 addit:
295 886 382 903 “Sextum
391 889 514 903 sacramentum
524 889 550 903 est
561 887 629 903 Ordinis
639 887 687 903 cuius

106 913 177 928 materia
185 914 211 928 est
221 912 267 931 illud,
278 918 307 933 per
317 913 364 928 cuius
375 911 482 929 traditionem
493 913 577 929 confertur
587 914 633 932 ordo,
643 913 686 929 sicut

106 938 232 958 presbyteratus
243 938 315 954 traditur
326 944 356 959 per
367 938 423 954 calicis
434 944 472 955 cum
484 939 524 955 vino
535 941 552 955 et
564 942 636 960 patenae
647 944 685 955 curn

106 969 150 985 pane
158 964 300 985 porrectionem'.¹’

139 990 175 1007 170.
199 990 250 1006 Plane
262 991 331 1006 dictum.
353 990 441 1011 Quaenam
455 993 512 1007 autem
525 991 574 1007 huius
586 991 648 1007 decreti
662 992 686 1007 in-

106 1015 171 1031 tentio?
194 1015 282 1036 Quaenam
294 1016 396 1032 auctoritas?
419 1016 462 1032 Sunt
474 1017 502 1037 qui
515 1016 566 1033 velint
578 1019 597 1033 ut
609 1017 687 1033 Pontifex

106 1040 186 1057 Armenis
200 1041 297 1057 indicaverit
310 1042 351 1062 quid
364 1042 398 1057 suis
412 1042 544 1058 ordinationibus
556 1043 577 1058 ad
589 1043 686 1063 exemplum

261 1079 266 1087 ¹
276 1079 329 1094 unibus,
335 1082 354 1096 op.
361 1080 380 1092 eit.
388 1084 401 1096 p.
409 1083 429 1095 31,
434 1084 470 1096 seqq.

261 1100 267 1108 ¹
276 1100 292 1113 1n
298 1100 338 1115 Eum,
344 1101 406 1113 Emmte
411 1101 441 1115 Deo,
447 1101 454 1116 ς
460 1106 471 1117 ,.
479 1105 498 1115 ιο,
506 1104 524 1116 ,5Δ
