794 1248
199 96 305 109 CATHARIN!
317 96 342 109 DE
354 96 459 109 SACRIFICIO
470 96 572 110 DOCTmNA.
645 97 675 113 129

94 136 151 157 quitur
158 136 212 152 hostia
220 141 250 157 pro
258 136 332 157 peccatis
343 138 361 152 ut
371 136 445 157 perfecta
456 136 542 153 renovatio
550 137 583 153 fiat
606 137 637 153 Est
647 137 674 153 hic

94 167 137 183 opus
143 163 216 178 secunda
222 162 280 178 tabula
286 165 325 183 post
332 162 442 183 naufragium,
448 165 515 183 oportet
521 163 588 182 conteri,
594 163 675 182 confiteri,

94 188 139 204 luere
151 193 218 209 poenas.
242 188 274 204 His
285 189 330 204 enim
342 191 408 205 constat
422 189 535 209 poenitentiae
546 192 674 205 sacramentum.

95 214 183 230 Habemus
193 215 210 230 in
220 214 252 230 hoc
263 214 364 230 advocatum
375 214 465 233 Christum.
474 220 507 231 non
518 220 548 236 pro
559 215 607 231 nobis
618 217 673 231 totum

94 240 197 256 solventem:
208 240 293 257 Christum
306 240 372 259 iustum,
383 246 416 256 non
428 241 456 262 qui
469 246 536 257 omnem
548 246 615 257 causam
627 241 644 257 in
656 246 674 257 se

93 266 178 287 suscipiat,
192 267 238 287 quod
253 266 305 282 semel
320 266 380 283 secit¹.”
409 267 436 283 Ita
449 272 488 283 vera
503 272 541 283 curn
555 267 604 283 valde
619 267 674 283 dubiis

93 293 170 309 conserit.
186 293 233 309 Idem
240 293 256 308 in
263 293 387 309 commentariis
395 293 412 309 in
421 293 473 314 Epist
480 293 501 309 ad
511 293 603 312 Hebraeos,
609 298 645 314 cap.
652 299 673 312 x„

94 319 137 335 hanc
150 319 245 335 doctrinam
260 319 312 335 fusius
326 318 404 339 explieat.
433 319 461 335 Ad
475 319 587 335 obiectionem
603 319 673 335 Luther-

93 350 163 361 anorum
177 345 205 366 qui
221 345 257 361 istis
269 345 323 361 verbis
339 345 397 364 innixi,
412 344 444 361 Ubi
456 348 479 361 est
486 348 587 366 peccatorum
600 345 674 361 remissio

93 371 128 387 iam
141 376 173 387 non
185 374 209 387 est
221 371 280 387 oblatio
291 374 322 392 pro
333 372 406 392 peccatis,
420 371 518 387 sacrificium
533 372 594 387 missae
607 372 674 392 penitus

93 397 164 413 evellere
175 397 283 417 conabantur,
295 397 424 419 “Respondeo,¹'
434 398 492 418 inquit,
500 398 560 419 “loqui
571 397 673 418 Apostolum

93 423 115 439 de
128 423 202 444 peccatis
215 429 258 444 quae
273 426 321 439 erant
336 424 367 440 sub
382 424 437 444 primo
452 426 558 443 testamento,
573 423 623 444 quale
638 426 674 439 erat

93 449 178 470 originale,
191 451 208 465 et
221 454 264 469 quae
280 449 319 465 inde
333 449 429 465 manabant,
457 449 486 465 Ob
499 454 536 465 eam
550 454 617 465 causam
629 449 674 465 dixit

93 475 111 491 B.
122 475 193 491 Paulus:
207 475 240 492 Ubi
249 478 273 491 tst
282 475 340 492 horum
350 475 428 494 remissio,
438 475 502 494 horum,
510 475 569 496 inquit,
579 475 601 491 de
612 475 674 496 quibus

93 501 171 517 videlicet
180 501 247 517 dixerat
256 506 286 522 per
297 501 385 517 Ieremiam
397 501 490 517 Dominus:
502 501 549 517 Dabo
557 501 598 522 leges
604 506 648 517 meas
656 501 674 517 in

92 527 166 543 cordibus
171 532 230 546 torum,
236 530 252 543 et
255 530 355 548 peccatorum
361 532 416 543 eorum
423 530 439 543 et
444 527 551 548 iniquitatum
556 527 674 548 (proculdubio

93 553 225 574 praeteritarum!
233 558 266 569 non
276 556 333 569 autem
344 558 400 569 earum
412 558 454 574 quas
461 556 500 573 post
508 553 595 573 inscriptas
603 553 648 573 leges
656 553 673 568 in

93 578 172 595 cordibus
187 579 309 599 commiserint)
322 584 353 594 nan
367 578 463 595 recordabar.
493 578 553 599 Itaque
567 584 634 595 necesse
648 581 673 595 est

94 609 161 620 manere
176 604 274 620 sacrificium
290 610 320 626 pro
335 604 393 625 culpis,
406 610 450 625 quae
465 604 496 620 sub
512 610 556 621 novo
571 607 674 621 testamento

94 631 206 647 admittuntur
214 633 252 652 post
259 633 335 647 veterum
346 631 460 647 remissionem
471 633 577 651 peccatorum
588 633 605 647 et
616 636 674 651 accep-

94 659 128 673 tam
144 657 229 678 gratiaml'
252 657 295 673 Mox
311 659 327 673 et
342 657 384 673 haee
399 657 451 673 addit.
474 657 564 673 “Dicimus
579 657 639 673 mer-ito
652 657 674 672 ab

94 682 179 704 Apostoio
184 685 249 704 spretos
255 688 292 699 esse
298 683 361 703 priores
367 683 462 699 sacerdotes
470 685 551 703 tanquam
560 688 593 698 non
602 683 674 702 litantesy

94 712 111 725 et
126 714 193 730 semper
205 709 327 728 sacrificantes;
342 709 479 730 quandoquidem
494 714 560 730 semper
573 709 644 725 orabant
657 711 674 724 et

94 735 162 751 easdem
172 734 265 751 offerebant
277 734 340 751 hostias
351 740 381 755 pro
391 739 422 750 suo
433 734 500 755 proprio
507 737 525 750 et
533 734 591 755 popuii
599 736 673 755 peccato.

94 761 129 777 Sed
148 766 181 777 non
200 763 289 782 propterea
307 761 396 782 spernendi
415 766 472 776 sumus
491 765 522 776 nos
541 760 579 776 novi
598 760 674 776 sacrificii

94 787 189 803 sacerdotes
199 789 216 803 et
227 787 302 803 ministri.
325 786 364 802 Non
375 787 420 803 enim
431 786 475 802 idem
483 786 558 805 facimus,
566 787 594 807 qui
603 791 633 807 pro
641 786 674 802 aiio

94 818 154 834 genere
170 813 234 834 peccati
249 812 366 832 sacrificamuS,
381 815 398 829 et
414 813 479 828 assidue
493 817 523 833 pro
539 813 586 828 novis
601 812 674 833 peccatis

94 844 138 860 quae
149 844 159 855 a
171 839 219 855 nobis
230 839 363 855 committuntur.
387 838 413 855 Illi
427 844 457 859 pro
471 838 500 854 illo
513 840 583 859 peccato
595 838 673 854 nimirum

94 865 180 886 originaii;
191 865 236 886 quod
242 865 256 881 si
262 864 347 881 sublatum
355 865 407 881 semel
415 865 479 884 suisset,
487 869 520 880 non
527 864 592 880 redibat
601 864 673 880 ulterius.

95 891 152 912 Quam
163 891 185 907 ob
196 896 230 907 rem
242 896 276 907 non
287 891 380 912 oportebat,
388 896 409 907 eo
420 890 471 906 semel
483 890 554 910 sublato,
561 890 633 911 amplius
643 895 674 911 pro

95 917 124 934 illo
134 917 230 933 sacrificare,
253 917 278 933 At
288 922 323 936 nos,
331 917 411 938 quoniam
422 922 452 937 pru
462 916 534 932 assiduis
544 916 622 937 peccatis,
630 921 674 937 quae

94 944 148 960 indies
156 943 288 962 committuntur,
295 943 380 959 offerimus
388 942 492 961 sacrificium,
500 942 541 958 nihil
550 942 631 963 prohibet,
639 942 674 958 imo

95 974 163 986 necesse
176 972 202 985 est
215 969 282 985 assidue
295 969 391 988 sacrificare,
405 974 425 985 ac
438 968 487 984 simui
501 968 567 984 assidue
581 968 639 987 litare;
656 970 674 984 ut

94 1000 138 1016 quae
148 995 215 1011 assidue
226 995 338 1011 admittuntur
348 994 416 1011 assiduo
427 994 508 1010 sacrificio
518 994 612 1015 expientur.
635 993 674 1009 Non

94 1021 140 1037 enim
146 1026 176 1042 pro
182 1021 246 1037 eisdem
254 1021 327 1042 peccatis
335 1026 401 1042 semper
406 1026 416 1037 a
422 1020 471 1037 nobis
476 1020 544 1036 offertur
550 1020 674 1036 sacrificium...

95 1047 187 1064 Constituit
202 1047 344 1063 Dominus„.esse
357 1049 416 1063 sancta
429 1049 524 1063 sanctorum
539 1046 556 1062 in
571 1045 626 1064 caelis,
640 1050 675 1066 quo

186 1105 191 1113 ¹
200 1105 266 1121 spmalum
270 1105 368 1119 Hammmm.
374 1105 391 1117 ιο.
398 1105 413 1118 E.
421 1105 443 1117 iiii.
460 1105 532 1120 emavi-a,
541 1108 576 1120 ¹⁵40<

140 1134 154 1147 1«
622 1134 633 1150 9
