<?xml version="1.0" encoding="UTF-8"?>
<!DOCTYPE html PUBLIC "-//W3C//DTD XHTML 1.0 Transitional//EN"
    "http://www.w3.org/TR/xhtml1/DTD/xhtml1-transitional.dtd">
<html xmlns="http://www.w3.org/1999/xhtml" xml:lang="en" lang="en">
 <head>
  <title>
</title>
<meta http-equiv="Content-Type" content="text/html;charset=utf-8" />
  <meta name='ocr-system' content='tesseract 3.04.00' />
  <meta name='ocr-capabilities' content='ocr_page ocr_carea ocr_par ocr_line ocrx_word'/>
</head>
<body>
  <div class='ocr_page' id='page_1' title='image "./dehierarchiaang00lacegoog_0134.png"; bbox 0 0 794 1248; ppageno 0'>
   <div class='ocr_carea' id='block_1_1' title="bbox 214 93 687 110">
    <p class='ocr_par' dir='ltr' id='par_1_1' title="bbox 214 93 687 110">
     <span class='ocr_line' id='line_1_1' title="bbox 214 93 687 110; baseline -0.004 -3"><span class='ocrx_word' id='word_1_1' title='bbox 214 95 239 107; x_wconf 80' lang='lat' dir='ltr'>DE</span> <span class='ocrx_word' id='word_1_2' title='bbox 251 94 382 107; x_wconf 77' lang='lat' dir='ltr'>PORRECTloNE</span> <span class='ocrx_word' id='word_1_3' title='bbox 395 93 558 106; x_wconf 69' lang='lat' dir='ltr'>[NSTRUMENTORU</span> <span class='ocrx_word' id='word_1_4' title='bbox 562 93 580 105; x_wconf 83' lang='lat' dir='ltr'>M.</span> <span class='ocrx_word' id='word_1_5' title='bbox 657 93 687 110; x_wconf 87' lang='lat'>109</span> 
     </span>
    </p>
   </div>
   <div class='ocr_carea' id='block_1_2' title="bbox 105 132 690 1116">
    <p class='ocr_par' dir='ltr' id='par_1_2' title="bbox 105 132 686 176">
     <span class='ocr_line' id='line_1_2' title="bbox 105 132 686 154; baseline -0.002 -5"><span class='ocrx_word' id='word_1_6' title='bbox 105 134 149 150; x_wconf 81' lang='lat' dir='ltr'>libus</span> <span class='ocrx_word' id='word_1_7' title='bbox 162 133 216 149; x_wconf 88' lang='lat' dir='ltr'>multa</span> <span class='ocrx_word' id='word_1_8' title='bbox 229 133 313 154; x_wconf 77' lang='lat' dir='ltr'>gradatim</span> <span class='ocrx_word' id='word_1_9' title='bbox 328 133 434 152; x_wconf 83' lang='lat' dir='ltr'>addiderint;</span> <span class='ocrx_word' id='word_1_10' title='bbox 453 133 482 149; x_wconf 71' lang='lat' dir='ltr'>sed</span> <span class='ocrx_word' id='word_1_11' title='bbox 496 135 536 149; x_wconf 81' lang='lat' dir='ltr'>ante</span> <span class='ocrx_word' id='word_1_12' title='bbox 549 138 612 149; x_wconf 80' lang='lat' dir='ltr'>annum</span> <span class='ocrx_word' id='word_1_13' title='bbox 624 132 686 149; x_wconf 76' lang='lat' dir='ltr'>Christi</span> 
     </span>
     <span class='ocr_line' id='line_1_3' title="bbox 108 159 503 176; baseline 0 -1"><span class='ocrx_word' id='word_1_14' title='bbox 108 164 150 176; x_wconf 83' lang='lat'><em>1000</em></span> <span class='ocrx_word' id='word_1_15' title='bbox 157 160 189 175; x_wconf 87' lang='lat' dir='ltr'>hoc</span> <span class='ocrx_word' id='word_1_16' title='bbox 197 159 260 175; x_wconf 80' lang='lat' dir='ltr'>factum</span> <span class='ocrx_word' id='word_1_17' title='bbox 268 164 305 175; x_wconf 80' lang='lat' dir='ltr'>esse</span> <span class='ocrx_word' id='word_1_18' title='bbox 312 164 322 175; x_wconf 86' lang='lat' dir='ltr'>e</span> <span class='ocrx_word' id='word_1_19' title='bbox 330 159 426 175; x_wconf 81' lang='lat' dir='ltr'>coniectura</span> <span class='ocrx_word' id='word_1_20' title='bbox 434 159 503 175; x_wconf 79' lang='lat' dir='ltr'>censuit.</span> 
     </span>
    </p>

    <p class='ocr_par' dir='ltr' id='par_1_3' title="bbox 106 184 687 280">
     <span class='ocr_line' id='line_1_4' title="bbox 139 184 687 206; baseline -0.002 -5"><span class='ocrx_word' id='word_1_21' title='bbox 139 185 187 202; x_wconf 88' lang='lat' dir='ltr'>Talia</span> <span class='ocrx_word' id='word_1_22' title='bbox 203 185 283 204; x_wconf 81' lang='lat' dir='ltr'>Morinus,</span> <span class='ocrx_word' id='word_1_23' title='bbox 298 187 315 201; x_wconf 88' lang='lat' dir='ltr'>et</span> <span class='ocrx_word' id='word_1_24' title='bbox 331 185 382 206; x_wconf 80' lang='lat' dir='ltr'>plura,</span> <span class='ocrx_word' id='word_1_25' title='bbox 398 190 441 206; x_wconf 89' lang='lat' dir='ltr'>quae</span> <span class='ocrx_word' id='word_1_26' title='bbox 457 190 480 201; x_wconf 87' lang='lat' dir='ltr'>ex</span> <span class='ocrx_word' id='word_1_27' title='bbox 495 185 620 201; x_wconf 84' lang='lat' dir='ltr'>accuratissima</span> <span class='ocrx_word' id='word_1_28' title='bbox 635 184 687 200; x_wconf 88' lang='lat' dir='ltr'>totius</span> 
     </span>
     <span class='ocr_line' id='line_1_5' title="bbox 106 210 687 233; baseline -0.003 -5"><span class='ocrx_word' id='word_1_29' title='bbox 106 212 210 233; x_wconf 75' lang='lat' dir='ltr'><strong>antiquitatis</strong></span> <span class='ocrx_word' id='word_1_30' title='bbox 229 211 337 232; x_wconf 70' lang='lat' dir='ltr'>indagatione</span> <span class='ocrx_word' id='word_1_31' title='bbox 356 211 372 227; x_wconf 92' lang='lat' dir='ltr'>in</span> <span class='ocrx_word' id='word_1_32' title='bbox 390 216 439 227; x_wconf 90' lang='lat' dir='ltr'>usum</span> <span class='ocrx_word' id='word_1_33' title='bbox 457 211 574 232; x_wconf 79' lang='lat' dir='ltr'>theologorum</span> <span class='ocrx_word' id='word_1_34' title='bbox 593 210 687 231; x_wconf 67' lang='lat' dir='ltr'>eollegerat,</span> 
     </span>
     <span class='ocr_line' id='line_1_6' title="bbox 106 236 686 258; baseline -0.002 -5"><span class='ocrx_word' id='word_1_35' title='bbox 106 238 166 258; x_wconf 86' lang='lat' dir='ltr'>quibus</span> <span class='ocrx_word' id='word_1_36' title='bbox 171 237 193 253; x_wconf 87' lang='lat' dir='ltr'>ab</span> <span class='ocrx_word' id='word_1_37' title='bbox 198 238 269 254; x_wconf 89' lang='lat' dir='ltr'>Urbano</span> <span class='ocrx_word' id='word_1_38' title='bbox 274 237 324 253; x_wconf 91' lang='lat' dir='ltr'>VIII.</span> <span class='ocrx_word' id='word_1_39' title='bbox 329 237 419 253; x_wconf 83' lang='lat' dir='ltr'>commissa</span> <span class='ocrx_word' id='word_1_40' title='bbox 425 239 468 253; x_wconf 75' lang='lat' dir='ltr'>esset</span> <span class='ocrx_word' id='word_1_41' title='bbox 474 236 578 252; x_wconf 78' lang='lat' dir='ltr'>examinatio</span> <span class='ocrx_word' id='word_1_42' title='bbox 584 236 686 252; x_wconf 80' lang='lat' dir='ltr'>Graecorum</span> 
     </span>
     <span class='ocr_line' id='line_1_7' title="bbox 106 264 172 280; baseline 0 -1"><span class='ocrx_word' id='word_1_43' title='bbox 106 264 172 280; x_wconf 88' lang='lat' dir='ltr'>rituum.</span> 
     </span>
    </p>

    <p class='ocr_par' dir='ltr' id='par_1_4' title="bbox 106 288 686 415">
     <span class='ocr_line' id='line_1_8' title="bbox 139 288 686 308; baseline -0.004 -2"><span class='ocrx_word' id='word_1_44' title='bbox 139 290 175 306; x_wconf 75' lang='lat'>1⁶2.</span> <span class='ocrx_word' id='word_1_45' title='bbox 199 290 249 305; x_wconf 85' lang='lat' dir='ltr'>Hanc</span> <span class='ocrx_word' id='word_1_46' title='bbox 257 291 313 305; x_wconf 87' lang='lat' dir='ltr'>tamen</span> <span class='ocrx_word' id='word_1_47' title='bbox 323 289 442 305; x_wconf 79' lang='lat' dir='ltr'>caerimoniam</span> <span class='ocrx_word' id='word_1_48' title='bbox 452 291 487 305; x_wconf 84' lang='lat' dir='ltr'>tam</span> <span class='ocrx_word' id='word_1_49' title='bbox 499 291 582 304; x_wconf 79' lang='lat' dir='ltr'>recentem</span> <span class='ocrx_word' id='word_1_50' title='bbox 593 293 626 304; x_wconf 86' lang='lat' dir='ltr'>non</span> <span class='ocrx_word' id='word_1_51' title='bbox 637 288 686 308; x_wconf 87' lang='lat' dir='ltr'>pauci</span> 
     </span>
     <span class='ocr_line' id='line_1_9' title="bbox 107 314 686 336; baseline -0.002 -5"><span class='ocrx_word' id='word_1_52' title='bbox 107 316 165 332; x_wconf 88' lang='lat' dir='ltr'>eximii</span> <span class='ocrx_word' id='word_1_53' title='bbox 177 315 251 336; x_wconf 78' lang='lat' dir='ltr'>theologi</span> <span class='ocrx_word' id='word_1_54' title='bbox 264 320 295 336; x_wconf 83' lang='lat' dir='ltr'>pro</span> <span class='ocrx_word' id='word_1_55' title='bbox 308 315 377 331; x_wconf 80' lang='lat' dir='ltr'>materia</span> <span class='ocrx_word' id='word_1_56' title='bbox 390 314 508 335; x_wconf 76' lang='lat' dir='ltr'>presbyteralis</span> <span class='ocrx_word' id='word_1_57' title='bbox 518 314 627 330; x_wconf 78' lang='lat' dir='ltr'>ordinationis</span> <span class='ocrx_word' id='word_1_58' title='bbox 638 314 686 330; x_wconf 83' lang='lat' dir='ltr'>iuxta</span> 
     </span>
     <span class='ocr_line' id='line_1_10' title="bbox 107 340 686 361; baseline -0.003 -3"><span class='ocrx_word' id='word_1_59' title='bbox 107 342 157 358; x_wconf 89' lang='lat' dir='ltr'>ritum</span> <span class='ocrx_word' id='word_1_60' title='bbox 173 342 269 357; x_wconf 88' lang='lat' dir='ltr'>Romanum</span> <span class='ocrx_word' id='word_1_61' title='bbox 285 341 383 357; x_wconf 86' lang='lat' dir='ltr'>habuerunt.</span> <span class='ocrx_word' id='word_1_62' title='bbox 408 341 452 357; x_wconf 85' lang='lat' dir='ltr'>Nam</span> <span class='ocrx_word' id='word_1_63' title='bbox 468 343 501 357; x_wconf 85' lang='lat' dir='ltr'>tres</span> <span class='ocrx_word' id='word_1_64' title='bbox 516 341 603 361; x_wconf 80' lang='lat' dir='ltr'>opiniones</span> <span class='ocrx_word' id='word_1_65' title='bbox 618 341 640 356; x_wconf 90' lang='lat' dir='ltr'>de</span> <span class='ocrx_word' id='word_1_66' title='bbox 655 340 686 356; x_wconf 86' lang='lat' dir='ltr'>hae</span> 
     </span>
     <span class='ocr_line' id='line_1_11' title="bbox 107 367 686 388; baseline -0.002 -5"><span class='ocrx_word' id='word_1_67' title='bbox 107 368 177 384; x_wconf 87' lang='lat' dir='ltr'>materia</span> <span class='ocrx_word' id='word_1_68' title='bbox 188 367 263 383; x_wconf 83' lang='lat' dir='ltr'>ventilari</span> <span class='ocrx_word' id='word_1_69' title='bbox 277 369 336 383; x_wconf 88' lang='lat' dir='ltr'>notum</span> <span class='ocrx_word' id='word_1_70' title='bbox 350 370 380 386; x_wconf 82' lang='lat' dir='ltr'>est,</span> <span class='ocrx_word' id='word_1_71' title='bbox 393 372 435 388; x_wconf 80' lang='lat' dir='ltr'>quas</span> <span class='ocrx_word' id='word_1_72' title='bbox 448 372 470 383; x_wconf 88' lang='lat' dir='ltr'>ex</span> <span class='ocrx_word' id='word_1_73' title='bbox 484 367 501 383; x_wconf 69' lang='lat' dir='ltr'>S,</span> <span class='ocrx_word' id='word_1_74' title='bbox 515 367 604 388; x_wconf 85' lang='lat' dir='ltr'>Alphonso</span> <span class='ocrx_word' id='word_1_75' title='bbox 618 367 686 387; x_wconf 80' lang='lat' dir='ltr'>Liguori</span> 
     </span>
     <span class='ocr_line' id='line_1_12' title="bbox 106 393 630 415; baseline -0.004 -5"><span class='ocrx_word' id='word_1_76' title='bbox 106 394 151 415; x_wconf 65' lang='lat' dir='ltr'>(Lib,</span> <span class='ocrx_word' id='word_1_77' title='bbox 159 394 181 413; x_wconf 83' lang='lat' dir='ltr'>vi,</span> <span class='ocrx_word' id='word_1_78' title='bbox 192 394 219 410; x_wconf 80' lang='lat' dir='ltr'>Tr.</span> <span class='ocrx_word' id='word_1_79' title='bbox 228 397 242 414; x_wconf 82' lang='grc'>5,</span> <span class='ocrx_word' id='word_1_80' title='bbox 249 394 269 410; x_wconf 69' lang='lat' dir='ltr'>de</span> <span class='ocrx_word' id='word_1_81' title='bbox 277 393 347 414; x_wconf 77' lang='lat' dir='ltr'>Ordine&gt;</span> <span class='ocrx_word' id='word_1_82' title='bbox 354 393 459 414; x_wconf 86' lang='lat' dir='ltr'>potissimum</span> <span class='ocrx_word' id='word_1_83' title='bbox 468 393 513 409; x_wconf 87' lang='lat' dir='ltr'>brevi</span> <span class='ocrx_word' id='word_1_84' title='bbox 521 398 630 414; x_wconf 83' lang='lat' dir='ltr'>exponemus.</span> 
     </span>
    </p>

    <p class='ocr_par' dir='ltr' id='par_1_5' title="bbox 107 419 687 540">
     <span class='ocr_line' id='line_1_13' title="bbox 140 419 687 440; baseline -0.004 -4"><span class='ocrx_word' id='word_1_85' title='bbox 140 420 176 437; x_wconf 73' lang='lat'>1⁶³.</span> <span class='ocrx_word' id='word_1_86' title='bbox 199 419 260 436; x_wconf 81' lang='lat' dir='ltr'>Prima</span> <span class='ocrx_word' id='word_1_87' title='bbox 268 419 325 440; x_wconf 90' lang='lat' dir='ltr'>opinio</span> <span class='ocrx_word' id='word_1_88' title='bbox 335 422 360 435; x_wconf 85' lang='lat' dir='ltr'>est</span> <span class='ocrx_word' id='word_1_89' title='bbox 370 419 415 440; x_wconf 87' lang='lat' dir='ltr'>quod</span> <span class='ocrx_word' id='word_1_90' title='bbox 425 419 460 435; x_wconf 92' lang='lat' dir='ltr'>sola</span> <span class='ocrx_word' id='word_1_91' title='bbox 472 419 542 435; x_wconf 82' lang='lat' dir='ltr'>materia</span> <span class='ocrx_word' id='word_1_92' title='bbox 552 421 577 435; x_wconf 81' lang='lat' dir='ltr'>est</span> <span class='ocrx_word' id='word_1_93' title='bbox 588 419 687 435; x_wconf 85' lang='lat' dir='ltr'>instrumen-</span> 
     </span>
     <span class='ocr_line' id='line_1_14' title="bbox 107 445 687 465; baseline -0.003 -3"><span class='ocrx_word' id='word_1_94' title='bbox 107 448 163 462; x_wconf 88' lang='lat' dir='ltr'>torum</span> <span class='ocrx_word' id='word_1_95' title='bbox 178 445 250 464; x_wconf 76' lang='lat' dir='ltr'>traditio,</span> <span class='ocrx_word' id='word_1_96' title='bbox 265 450 303 461; x_wconf 86' lang='lat' dir='ltr'>curn</span> <span class='ocrx_word' id='word_1_97' title='bbox 319 445 373 461; x_wconf 88' lang='lat' dir='ltr'>verbis</span> <span class='ocrx_word' id='word_1_98' title='bbox 389 445 462 461; x_wconf 89' lang='lat' dir='ltr'>relativis</span> <span class='ocrx_word' id='word_1_99' title='bbox 477 445 535 465; x_wconf 76' lang='lat' dir='ltr'>Accipe</span> <span class='ocrx_word' id='word_1_100' title='bbox 549 447 644 465; x_wconf 76' lang='lat' dir='ltr'>patestatem</span> <span class='ocrx_word' id='word_1_101' title='bbox 660 447 687 461; x_wconf 62' lang='lat' dir='ltr'>etc.</span> 
     </span>
     <span class='ocr_line' id='line_1_15' title="bbox 108 471 687 492; baseline -0.003 -4"><span class='ocrx_word' id='word_1_102' title='bbox 108 472 202 491; x_wconf 80' lang='lat' dir='ltr'>coniuncta,</span> <span class='ocrx_word' id='word_1_103' title='bbox 210 477 243 492; x_wconf 87' lang='lat' dir='ltr'>qua</span> <span class='ocrx_word' id='word_1_104' title='bbox 253 471 348 487; x_wconf 82' lang='lat' dir='ltr'>conseratur</span> <span class='ocrx_word' id='word_1_105' title='bbox 358 474 434 492; x_wconf 81' lang='lat' dir='ltr'>potestas</span> <span class='ocrx_word' id='word_1_106' title='bbox 442 474 477 487; x_wconf 90' lang='lat' dir='ltr'>tam</span> <span class='ocrx_word' id='word_1_107' title='bbox 485 471 566 487; x_wconf 76' lang='lat' dir='ltr'>offerendi</span> <span class='ocrx_word' id='word_1_108' title='bbox 574 476 624 491; x_wconf 89' lang='lat' dir='ltr'>quam</span> <span class='ocrx_word' id='word_1_109' title='bbox 632 471 687 486; x_wconf 63' lang='lat' dir='ltr'>absol&lt;</span> 
     </span>
     <span class='ocr_line' id='line_1_16' title="bbox 107 497 687 518; baseline -0.003 -4"><span class='ocrx_word' id='word_1_110' title='bbox 107 498 161 514; x_wconf 89' lang='lat' dir='ltr'>vendi.</span> <span class='ocrx_word' id='word_1_111' title='bbox 185 498 230 514; x_wconf 84' lang='lat' dir='ltr'>Huic</span> <span class='ocrx_word' id='word_1_112' title='bbox 241 500 297 514; x_wconf 84' lang='lat' dir='ltr'>autem</span> <span class='ocrx_word' id='word_1_113' title='bbox 309 498 402 514; x_wconf 85' lang='lat' dir='ltr'>sententiae</span> <span class='ocrx_word' id='word_1_114' title='bbox 414 500 461 513; x_wconf 85' lang='lat' dir='ltr'>notat</span> <span class='ocrx_word' id='word_1_115' title='bbox 474 497 490 513; x_wconf 83' lang='lat' dir='ltr'>S.</span> <span class='ocrx_word' id='word_1_116' title='bbox 501 497 599 518; x_wconf 84' lang='lat' dir='ltr'>Alphonsus</span> <span class='ocrx_word' id='word_1_117' title='bbox 610 497 687 513; x_wconf 84' lang='lat' dir='ltr'>doctores</span> 
     </span>
     <span class='ocr_line' id='line_1_17' title="bbox 107 524 216 540; baseline 0 0"><span class='ocrx_word' id='word_1_118' title='bbox 107 529 145 540; x_wconf 86' lang='lat' dir='ltr'>raro</span> <span class='ocrx_word' id='word_1_119' title='bbox 153 524 216 540; x_wconf 80' lang='lat' dir='ltr'>favisse.</span> 
     </span>
    </p>

    <p class='ocr_par' dir='ltr' id='par_1_6' title="bbox 108 549 688 726">
     <span class='ocr_line' id='line_1_18' title="bbox 141 549 687 570; baseline 0 -5"><span class='ocrx_word' id='word_1_120' title='bbox 141 550 177 566; x_wconf 68' lang='lat'>164</span> <span class='ocrx_word' id='word_1_121' title='bbox 200 550 259 565; x_wconf 75' lang='lat' dir='ltr'>Altera</span> <span class='ocrx_word' id='word_1_122' title='bbox 269 549 326 570; x_wconf 88' lang='lat' dir='ltr'>opinio</span> <span class='ocrx_word' id='word_1_123' title='bbox 336 552 362 565; x_wconf 89' lang='lat' dir='ltr'>est</span> <span class='ocrx_word' id='word_1_124' title='bbox 373 549 418 570; x_wconf 90' lang='lat' dir='ltr'>quod</span> <span class='ocrx_word' id='word_1_125' title='bbox 430 549 446 565; x_wconf 92' lang='lat' dir='ltr'>in</span> <span class='ocrx_word' id='word_1_126' title='bbox 459 549 574 570; x_wconf 77' lang='lat' dir='ltr'>presbyteratu</span> <span class='ocrx_word' id='word_1_127' title='bbox 586 549 687 565; x_wconf 81' lang='lat' dir='ltr'>conserendo</span> 
     </span>
     <span class='ocr_line' id='line_1_19' title="bbox 109 575 687 596; baseline -0.002 -5"><span class='ocrx_word' id='word_1_128' title='bbox 109 575 179 591; x_wconf 85' lang='lat' dir='ltr'>materia</span> <span class='ocrx_word' id='word_1_129' title='bbox 187 575 251 596; x_wconf 85' lang='lat' dir='ltr'>duplex</span> <span class='ocrx_word' id='word_1_130' title='bbox 259 575 353 593; x_wconf 79' lang='lat' dir='ltr'>adhibetur.</span> <span class='ocrx_word' id='word_1_131' title='bbox 361 575 404 591; x_wconf 83' lang='lat' dir='ltr'>adeo</span> <span class='ocrx_word' id='word_1_132' title='bbox 412 577 430 590; x_wconf 86' lang='lat' dir='ltr'>ut</span> <span class='ocrx_word' id='word_1_133' title='bbox 438 575 492 596; x_wconf 85' lang='lat' dir='ltr'>primo</span> <span class='ocrx_word' id='word_1_134' title='bbox 500 580 529 596; x_wconf 83' lang='lat' dir='ltr'>per</span> <span class='ocrx_word' id='word_1_135' title='bbox 540 575 687 591; x_wconf 84' lang='lat' dir='ltr'>instrumentorum</span> 
     </span>
     <span class='ocr_line' id='line_1_20' title="bbox 109 601 687 621; baseline -0.002 -4"><span class='ocrx_word' id='word_1_136' title='bbox 109 602 215 617; x_wconf 83' lang='lat' dir='ltr'>traditionem</span> <span class='ocrx_word' id='word_1_137' title='bbox 224 607 262 617; x_wconf 85' lang='lat' dir='ltr'>eum</span> <span class='ocrx_word' id='word_1_138' title='bbox 271 601 343 617; x_wconf 80' lang='lat' dir='ltr'>relativis</span> <span class='ocrx_word' id='word_1_139' title='bbox 351 601 405 617; x_wconf 84' lang='lat' dir='ltr'>verbis</span> <span class='ocrx_word' id='word_1_140' title='bbox 413 601 507 617; x_wconf 79' lang='lat' dir='ltr'>conseratur</span> <span class='ocrx_word' id='word_1_141' title='bbox 514 603 589 621; x_wconf 85' lang='lat' dir='ltr'>potestas</span> <span class='ocrx_word' id='word_1_142' title='bbox 597 601 613 616; x_wconf 93' lang='lat' dir='ltr'>in</span> <span class='ocrx_word' id='word_1_143' title='bbox 622 601 687 621; x_wconf 88' lang='lat' dir='ltr'>Corpus</span> 
     </span>
     <span class='ocr_line' id='line_1_21' title="bbox 109 627 688 648; baseline 0 -5"><span class='ocrx_word' id='word_1_144' title='bbox 109 627 171 644; x_wconf 83' lang='lat' dir='ltr'>Christi</span> <span class='ocrx_word' id='word_1_145' title='bbox 183 633 246 646; x_wconf 87' lang='lat' dir='ltr'>verum,</span> <span class='ocrx_word' id='word_1_146' title='bbox 258 630 317 648; x_wconf 82' lang='lat' dir='ltr'>utpote</span> <span class='ocrx_word' id='word_1_147' title='bbox 328 629 404 648; x_wconf 80' lang='lat' dir='ltr'>potestas</span> <span class='ocrx_word' id='word_1_148' title='bbox 415 627 529 646; x_wconf 81' lang='lat' dir='ltr'>sacrificandi;</span> <span class='ocrx_word' id='word_1_149' title='bbox 544 627 605 643; x_wconf 82' lang='lat' dir='ltr'>deinde</span> <span class='ocrx_word' id='word_1_150' title='bbox 616 632 646 647; x_wconf 85' lang='lat' dir='ltr'>per</span> <span class='ocrx_word' id='word_1_151' title='bbox 657 627 688 643; x_wconf 88' lang='lat' dir='ltr'>im-</span> 
     </span>
     <span class='ocr_line' id='line_1_22' title="bbox 109 652 687 674; baseline 0 -5"><span class='ocrx_word' id='word_1_152' title='bbox 109 653 209 674; x_wconf 76' lang='lat' dir='ltr'>positionem</span> <span class='ocrx_word' id='word_1_153' title='bbox 224 658 304 669; x_wconf 84' lang='lat' dir='ltr'>manuum</span> <span class='ocrx_word' id='word_1_154' title='bbox 317 658 355 669; x_wconf 84' lang='lat' dir='ltr'>cum</span> <span class='ocrx_word' id='word_1_155' title='bbox 367 653 421 669; x_wconf 87' lang='lat' dir='ltr'>verbis</span> <span class='ocrx_word' id='word_1_156' title='bbox 433 653 491 673; x_wconf 67' lang='lat' dir='ltr'>Ampe</span> <span class='ocrx_word' id='word_1_157' title='bbox 501 652 584 673; x_wconf 69' lang='lat' dir='ltr'>Spiritum</span> <span class='ocrx_word' id='word_1_158' title='bbox 596 653 687 672; x_wconf 64' lang='lat' dir='ltr'>Sanctum</span> 
     </span>
     <span class='ocr_line' id='line_1_23' title="bbox 108 679 687 700; baseline 0 -5"><span class='ocrx_word' id='word_1_159' title='bbox 108 684 177 700; x_wconf 78' lang='lat' dir='ltr'>quorum</span> <span class='ocrx_word' id='word_1_160' title='bbox 185 679 268 695; x_wconf 71' lang='lat' dir='ltr'>remiseris</span> <span class='ocrx_word' id='word_1_161' title='bbox 271 682 337 700; x_wconf 79' lang='lat' dir='ltr'>peccata</span> <span class='ocrx_word' id='word_1_162' title='bbox 343 682 369 695; x_wconf 62' lang='lat' dir='ltr'>etc.</span> <span class='ocrx_word' id='word_1_163' title='bbox 378 679 427 695; x_wconf 84' lang='lat' dir='ltr'>detur</span> <span class='ocrx_word' id='word_1_164' title='bbox 437 681 512 699; x_wconf 84' lang='lat' dir='ltr'>potestas</span> <span class='ocrx_word' id='word_1_165' title='bbox 522 679 539 695; x_wconf 91' lang='lat' dir='ltr'>in</span> <span class='ocrx_word' id='word_1_166' title='bbox 550 679 615 700; x_wconf 86' lang='lat' dir='ltr'>Corpus</span> <span class='ocrx_word' id='word_1_167' title='bbox 626 679 687 696; x_wconf 82' lang='lat' dir='ltr'>Christi</span> 
     </span>
     <span class='ocr_line' id='line_1_24' title="bbox 109 705 564 726; baseline 0 -5"><span class='ocrx_word' id='word_1_168' title='bbox 109 705 205 726; x_wconf 79' lang='lat' dir='ltr'>mysticum,</span> <span class='ocrx_word' id='word_1_169' title='bbox 213 705 276 721; x_wconf 73' lang='lat' dir='ltr'>scilicet</span> <span class='ocrx_word' id='word_1_170' title='bbox 284 707 359 726; x_wconf 84' lang='lat' dir='ltr'>potestas</span> <span class='ocrx_word' id='word_1_171' title='bbox 367 705 464 721; x_wconf 85' lang='lat' dir='ltr'>absolvendi</span> <span class='ocrx_word' id='word_1_172' title='bbox 473 708 489 721; x_wconf 88' lang='lat' dir='ltr'>et</span> <span class='ocrx_word' id='word_1_173' title='bbox 498 705 564 726; x_wconf 83' lang='lat' dir='ltr'>ligandi.</span> 
     </span>
    </p>

    <p class='ocr_par' dir='ltr' id='par_1_7' title="bbox 109 730 689 877">
     <span class='ocr_line' id='line_1_25' title="bbox 143 730 688 752; baseline 0 -5"><span class='ocrx_word' id='word_1_174' title='bbox 143 731 179 747; x_wconf 71' lang='lat'>1035.</span> <span class='ocrx_word' id='word_1_175' title='bbox 202 730 299 747; x_wconf 87' lang='lat' dir='ltr'>Secundum</span> <span class='ocrx_word' id='word_1_176' title='bbox 313 731 379 747; x_wconf 71' lang='lat' dir='ltr'>tertiam</span> <span class='ocrx_word' id='word_1_177' title='bbox 390 731 487 752; x_wconf 86' lang='lat' dir='ltr'>opinionem</span> <span class='ocrx_word' id='word_1_178' title='bbox 499 732 531 747; x_wconf 92' lang='lat' dir='ltr'>hae</span> <span class='ocrx_word' id='word_1_179' title='bbox 542 732 586 747; x_wconf 91' lang='lat' dir='ltr'>duae</span> <span class='ocrx_word' id='word_1_180' title='bbox 596 734 688 752; x_wconf 79' lang='lat' dir='ltr'>potestates</span> 
     </span>
     <span class='ocr_line' id='line_1_26' title="bbox 109 756 687 778; baseline 0.002 -6"><span class='ocrx_word' id='word_1_181' title='bbox 109 756 158 772; x_wconf 89' lang='lat' dir='ltr'>simul</span> <span class='ocrx_word' id='word_1_182' title='bbox 167 756 275 772; x_wconf 87' lang='lat' dir='ltr'>conseruntur</span> <span class='ocrx_word' id='word_1_183' title='bbox 282 762 312 778; x_wconf 87' lang='lat' dir='ltr'>per</span> <span class='ocrx_word' id='word_1_184' title='bbox 320 757 391 777; x_wconf 89' lang='lat' dir='ltr'>primam</span> <span class='ocrx_word' id='word_1_185' title='bbox 402 757 526 778; x_wconf 84' lang='lat' dir='ltr'>impositionem</span> <span class='ocrx_word' id='word_1_186' title='bbox 538 762 617 773; x_wconf 91' lang='lat' dir='ltr'>manuum</span> <span class='ocrx_word' id='word_1_187' title='bbox 628 757 645 773; x_wconf 87' lang='lat' dir='ltr'>in</span> <span class='ocrx_word' id='word_1_188' title='bbox 656 758 687 773; x_wconf 83' lang='lat' dir='ltr'>ritu</span> 
     </span>
     <span class='ocr_line' id='line_1_27' title="bbox 110 783 687 804; baseline 0.002 -6"><span class='ocrx_word' id='word_1_189' title='bbox 110 783 188 798; x_wconf 86' lang='lat' dir='ltr'>Romano</span> <span class='ocrx_word' id='word_1_190' title='bbox 200 783 298 802; x_wconf 86' lang='lat' dir='ltr'>adhibitam,</span> <span class='ocrx_word' id='word_1_191' title='bbox 306 788 335 799; x_wconf 85' lang='lat' dir='ltr'>seu</span> <span class='ocrx_word' id='word_1_192' title='bbox 347 783 403 803; x_wconf 85' lang='lat' dir='ltr'>potius</span> <span class='ocrx_word' id='word_1_193' title='bbox 415 788 444 803; x_wconf 84' lang='lat' dir='ltr'>per</span> <span class='ocrx_word' id='word_1_194' title='bbox 455 783 551 802; x_wconf 68' lang='lat' dir='ltr'>secundam,</span> <span class='ocrx_word' id='word_1_195' title='bbox 559 788 603 804; x_wconf 87' lang='lat' dir='ltr'>quae</span> <span class='ocrx_word' id='word_1_196' title='bbox 613 786 638 799; x_wconf 86' lang='lat' dir='ltr'>est</span> <span class='ocrx_word' id='word_1_197' title='bbox 649 788 687 799; x_wconf 86' lang='lat' dir='ltr'>con-</span> 
     </span>
     <span class='ocr_line' id='line_1_28' title="bbox 109 809 688 830; baseline 0.003 -6"><span class='ocrx_word' id='word_1_198' title='bbox 109 809 180 825; x_wconf 87' lang='lat' dir='ltr'>tinuatio</span> <span class='ocrx_word' id='word_1_199' title='bbox 188 809 256 830; x_wconf 84' lang='lat' dir='ltr'>primae,</span> <span class='ocrx_word' id='word_1_200' title='bbox 262 814 300 825; x_wconf 83' lang='lat' dir='ltr'>curn</span> <span class='ocrx_word' id='word_1_201' title='bbox 308 809 370 825; x_wconf 80' lang='lat' dir='ltr'>scilieet</span> <span class='ocrx_word' id='word_1_202' title='bbox 377 809 464 830; x_wconf 84' lang='lat' dir='ltr'>episcopus</span> <span class='ocrx_word' id='word_1_203' title='bbox 470 811 487 825; x_wconf 86' lang='lat' dir='ltr'>et</span> <span class='ocrx_word' id='word_1_204' title='bbox 494 809 585 830; x_wconf 85' lang='lat' dir='ltr'>presbyteri</span> <span class='ocrx_word' id='word_1_205' title='bbox 591 810 688 826; x_wconf 82' lang='lat' dir='ltr'>assistentes</span> 
     </span>
     <span class='ocr_line' id='line_1_29' title="bbox 110 835 689 855; baseline 0.003 -5"><span class='ocrx_word' id='word_1_206' title='bbox 110 840 169 850; x_wconf 82' lang='lat' dir='ltr'>manus</span> <span class='ocrx_word' id='word_1_207' title='bbox 185 840 234 855; x_wconf 85' lang='lat' dir='ltr'>super</span> <span class='ocrx_word' id='word_1_208' title='bbox 249 835 352 851; x_wconf 87' lang='lat' dir='ltr'>ordinandos</span> <span class='ocrx_word' id='word_1_209' title='bbox 367 838 447 851; x_wconf 84' lang='lat' dir='ltr'>extensas</span> <span class='ocrx_word' id='word_1_210' title='bbox 464 837 522 851; x_wconf 85' lang='lat' dir='ltr'>tenent</span> <span class='ocrx_word' id='word_1_211' title='bbox 540 835 580 851; x_wconf 94' lang='lat' dir='ltr'>dum</span> <span class='ocrx_word' id='word_1_212' title='bbox 599 836 689 852; x_wconf 79' lang='lat' dir='ltr'>recitantur</span> 
     </span>
     <span class='ocr_line' id='line_1_30' title="bbox 109 861 197 877; baseline 0.011 -1"><span class='ocrx_word' id='word_1_213' title='bbox 109 861 197 877; x_wconf 80' lang='lat' dir='ltr'>orationes.</span> 
     </span>
    </p>

    <p class='ocr_par' dir='ltr' id='par_1_8' title="bbox 109 886 690 1116">
     <span class='ocr_line' id='line_1_31' title="bbox 143 886 689 908; baseline 0.002 -5"><span class='ocrx_word' id='word_1_214' title='bbox 143 886 178 903; x_wconf 67' lang='lat'>1⁶⁶.</span> <span class='ocrx_word' id='word_1_215' title='bbox 201 887 276 903; x_wconf 86' lang='lat' dir='ltr'>Tertiam</span> <span class='ocrx_word' id='word_1_216' title='bbox 289 887 385 908; x_wconf 80' lang='lat' dir='ltr'>opinionem</span> <span class='ocrx_word' id='word_1_217' title='bbox 398 887 502 903; x_wconf 84' lang='lat' dir='ltr'>extrinsecus</span> <span class='ocrx_word' id='word_1_218' title='bbox 513 887 641 908; x_wconf 84' lang='lat' dir='ltr'>probabiliorem</span> <span class='ocrx_word' id='word_1_219' title='bbox 652 893 689 904; x_wconf 81' lang='lat' dir='ltr'>esse</span> 
     </span>
     <span class='ocr_line' id='line_1_32' title="bbox 110 913 689 934; baseline 0 -5"><span class='ocrx_word' id='word_1_220' title='bbox 110 916 166 929; x_wconf 81' lang='lat' dir='ltr'>censet</span> <span class='ocrx_word' id='word_1_221' title='bbox 177 913 194 929; x_wconf 78' lang='lat'>5.</span> <span class='ocrx_word' id='word_1_222' title='bbox 202 913 305 934; x_wconf 88' lang='lat' dir='ltr'>Alphonsus,</span> <span class='ocrx_word' id='word_1_223' title='bbox 313 919 350 929; x_wconf 85' lang='lat' dir='ltr'>curn</span> <span class='ocrx_word' id='word_1_224' title='bbox 359 913 414 929; x_wconf 90' lang='lat' dir='ltr'>verbis</span> <span class='ocrx_word' id='word_1_225' title='bbox 422 913 492 929; x_wconf 81' lang='lat' dir='ltr'>Concilii</span> <span class='ocrx_word' id='word_1_226' title='bbox 503 913 597 929; x_wconf 88' lang='lat' dir='ltr'>Tridentini</span> <span class='ocrx_word' id='word_1_227' title='bbox 608 914 689 934; x_wconf 82' lang='lat' dir='ltr'>fulciatur,</span> 
     </span>
     <span class='ocr_line' id='line_1_33' title="bbox 109 939 689 960; baseline 0 -5"><span class='ocrx_word' id='word_1_228' title='bbox 109 939 170 960; x_wconf 88' lang='lat' dir='ltr'>quibus</span> <span class='ocrx_word' id='word_1_229' title='bbox 178 939 254 955; x_wconf 86' lang='lat' dir='ltr'>minister</span> <span class='ocrx_word' id='word_1_230' title='bbox 261 942 347 955; x_wconf 83' lang='lat' dir='ltr'>extremae</span> <span class='ocrx_word' id='word_1_231' title='bbox 356 939 439 955; x_wconf 86' lang='lat' dir='ltr'>unctionis</span> <span class='ocrx_word' id='word_1_232' title='bbox 447 939 508 955; x_wconf 84' lang='lat' dir='ltr'>dicitur</span> <span class='ocrx_word' id='word_1_233' title='bbox 516 940 604 960; x_wconf 84' lang='lat' dir='ltr'>episcopus</span> <span class='ocrx_word' id='word_1_234' title='bbox 613 945 649 956; x_wconf 82' lang='lat' dir='ltr'>esse</span> <span class='ocrx_word' id='word_1_235' title='bbox 660 943 689 956; x_wconf 85' lang='lat' dir='ltr'>aut</span> 
     </span>
     <span class='ocr_line' id='line_1_34' title="bbox 109 965 688 986; baseline 0.002 -5"><span class='ocrx_word' id='word_1_236' title='bbox 109 966 187 981; x_wconf 85' lang='lat' dir='ltr'>sacerdos</span> <span class='ocrx_word' id='word_1_237' title='bbox 202 970 232 986; x_wconf 83' lang='lat' dir='ltr'>per</span> <span class='ocrx_word' id='word_1_238' title='bbox 247 965 371 986; x_wconf 83' lang='lat' dir='ltr'>impositionem</span> <span class='ocrx_word' id='word_1_239' title='bbox 387 970 466 981; x_wconf 90' lang='lat' dir='ltr'>manuum</span> <span class='ocrx_word' id='word_1_240' title='bbox 483 966 582 986; x_wconf 83' lang='lat' dir='ltr'>presbyterii</span> <span class='ocrx_word' id='word_1_241' title='bbox 598 966 688 982; x_wconf 87' lang='lat' dir='ltr'>ordinatus.</span> 
     </span>
     <span class='ocr_line' id='line_1_35' title="bbox 110 991 690 1012; baseline 0.002 -5"><span class='ocrx_word' id='word_1_242' title='bbox 110 991 150 1007; x_wconf 78' lang='lat' dir='ltr'>Alia</span> <span class='ocrx_word' id='word_1_243' title='bbox 161 996 227 1012; x_wconf 84' lang='lat' dir='ltr'>quoque</span> <span class='ocrx_word' id='word_1_244' title='bbox 239 991 335 1007; x_wconf 64' lang='lat' dir='ltr'>testimonia</span> <span class='ocrx_word' id='word_1_245' title='bbox 346 991 410 1012; x_wconf 80' lang='lat' dir='ltr'>profert</span> <span class='ocrx_word' id='word_1_246' title='bbox 421 991 438 1008; x_wconf 84' lang='lat' dir='ltr'>S.</span> <span class='ocrx_word' id='word_1_247' title='bbox 447 991 510 1007; x_wconf 84' lang='lat' dir='ltr'>Doctor</span> <span class='ocrx_word' id='word_1_248' title='bbox 521 994 558 1008; x_wconf 82' lang='lat' dir='ltr'>tum</span> <span class='ocrx_word' id='word_1_249' title='bbox 569 997 579 1008; x_wconf 90' lang='lat' dir='ltr'>e</span> <span class='ocrx_word' id='word_1_250' title='bbox 590 992 690 1008; x_wconf 85' lang='lat' dir='ltr'>Tridentino</span> 
     </span>
     <span class='ocr_line' id='line_1_36' title="bbox 110 1017 689 1038; baseline 0.002 -5"><span class='ocrx_word' id='word_1_251' title='bbox 110 1019 146 1033; x_wconf 86' lang='lat' dir='ltr'>tum</span> <span class='ocrx_word' id='word_1_252' title='bbox 160 1022 182 1033; x_wconf 85' lang='lat' dir='ltr'>ex</span> <span class='ocrx_word' id='word_1_253' title='bbox 196 1017 302 1037; x_wconf 79' lang='lat' dir='ltr'>antiquitate,</span> <span class='ocrx_word' id='word_1_254' title='bbox 313 1022 356 1038; x_wconf 89' lang='lat' dir='ltr'>quae</span> <span class='ocrx_word' id='word_1_255' title='bbox 370 1017 403 1033; x_wconf 87' lang='lat' dir='ltr'>iarn</span> <span class='ocrx_word' id='word_1_256' title='bbox 417 1017 457 1033; x_wconf 79' lang='lat' dir='ltr'>satis</span> <span class='ocrx_word' id='word_1_257' title='bbox 471 1017 584 1038; x_wconf 83' lang='lat' dir='ltr'>exposuimus.</span> <span class='ocrx_word' id='word_1_258' title='bbox 607 1018 689 1034; x_wconf 87' lang='lat' dir='ltr'>Attamen</span> 
     </span>
     <span class='ocr_line' id='line_1_37' title="bbox 110 1043 688 1064; baseline 0.002 -5"><span class='ocrx_word' id='word_1_259' title='bbox 110 1043 180 1059; x_wconf 82' lang='lat' dir='ltr'>alteram</span> <span class='ocrx_word' id='word_1_260' title='bbox 188 1043 284 1063; x_wconf 85' lang='lat' dir='ltr'>opinionem</span> <span class='ocrx_word' id='word_1_261' title='bbox 292 1045 373 1064; x_wconf 86' lang='lat' dir='ltr'>tanquam</span> <span class='ocrx_word' id='word_1_262' title='bbox 384 1043 488 1064; x_wconf 85' lang='lat' dir='ltr'>probabilem</span> <span class='ocrx_word' id='word_1_263' title='bbox 499 1044 515 1059; x_wconf 90' lang='lat' dir='ltr'>in</span> <span class='ocrx_word' id='word_1_264' title='bbox 527 1044 575 1064; x_wconf 71' lang='lat' dir='ltr'>praxi</span> <span class='ocrx_word' id='word_1_265' title='bbox 586 1044 688 1064; x_wconf 87' lang='lat' dir='ltr'>sequendam</span> 
     </span>
     <span class='ocr_line' id='line_1_38' title="bbox 110 1069 689 1090; baseline 0.003 -6"><span class='ocrx_word' id='word_1_266' title='bbox 110 1074 147 1085; x_wconf 85' lang='lat' dir='ltr'>esse</span> <span class='ocrx_word' id='word_1_267' title='bbox 155 1070 216 1085; x_wconf 70' lang='lat' dir='ltr'>monet.</span> <span class='ocrx_word' id='word_1_268' title='bbox 240 1069 317 1085; x_wconf 89' lang='lat' dir='ltr'>Eandem</span> <span class='ocrx_word' id='word_1_269' title='bbox 325 1069 426 1085; x_wconf 85' lang='lat' dir='ltr'>sententiam</span> <span class='ocrx_word' id='word_1_270' title='bbox 436 1069 490 1085; x_wconf 82' lang='lat' dir='ltr'>ferunt</span> <span class='ocrx_word' id='word_1_271' title='bbox 501 1069 576 1090; x_wconf 87' lang='lat' dir='ltr'>plerique</span> <span class='ocrx_word' id='word_1_272' title='bbox 586 1070 689 1086; x_wconf 80' lang='lat' dir='ltr'>recentiores.</span> 
     </span>
     <span class='ocr_line' id='line_1_39' title="bbox 111 1094 689 1116; baseline 0.002 -6"><span class='ocrx_word' id='word_1_273' title='bbox 111 1094 223 1110; x_wconf 84' lang='lat' dir='ltr'>Liebermann</span> <span class='ocrx_word' id='word_1_274' title='bbox 232 1094 259 1115; x_wconf 89' lang='lat' dir='ltr'>(L.</span> <span class='ocrx_word' id='word_1_275' title='bbox 266 1094 287 1110; x_wconf 69' lang='lat' dir='ltr'>vi.</span> <span class='ocrx_word' id='word_1_276' title='bbox 292 1097 308 1115; x_wconf 64' lang='lat' dir='ltr'>p.</span> <span class='ocrx_word' id='word_1_277' title='bbox 315 1100 329 1110; x_wconf 79' lang='grc' dir='ltr'>ν.</span> <span class='ocrx_word' id='word_1_278' title='bbox 334 1100 346 1110; x_wconf 85' lang='lat' dir='ltr'>c.</span> <span class='ocrx_word' id='word_1_279' title='bbox 353 1094 370 1110; x_wconf 63' lang='lat' dir='ltr'>ii.</span> <span class='ocrx_word' id='word_1_280' title='bbox 376 1095 414 1111; x_wconf 80' lang='lat' dir='ltr'>Art.</span> <span class='ocrx_word' id='word_1_281' title='bbox 421 1095 431 1111; x_wconf 83' lang='lat' dir='ltr'>i.</span> <span class='ocrx_word' id='word_1_282' title='bbox 437 1094 447 1116; x_wconf 67' lang='grc' dir='ltr'><strong>ξ</strong></span> <span class='ocrx_word' id='word_1_283' title='bbox 453 1095 477 1111; x_wconf 81' lang='lat' dir='ltr'>i—</span> <span class='ocrx_word' id='word_1_284' title='bbox 481 1095 507 1115; x_wconf 80' lang='lat' dir='ltr'>ii.)</span> <span class='ocrx_word' id='word_1_285' title='bbox 512 1095 544 1111; x_wconf 86' lang='lat' dir='ltr'>sibi</span> <span class='ocrx_word' id='word_1_286' title='bbox 550 1095 649 1116; x_wconf 82' lang='lat' dir='ltr'>persuadere</span> <span class='ocrx_word' id='word_1_287' title='bbox 655 1101 689 1111; x_wconf 87' lang='lat' dir='ltr'>non</span> 
     </span>
    </p>
   </div>
  </div>
 </body>
</html>
