794 1248
117 96 147 116 17ss
270 99 308 112 CAP.
320 100 343 112 Vl.
366 100 391 112 DE
404 100 459 112 PRAxI
471 100 484 112 S.
496 100 512 112 E.
524 100 539 112 R.

147 138 184 155 272
207 138 282 155 Tertium
294 141 349 155 restat.
371 139 394 159 (c)
404 139 480 155 Ecclesia
490 139 585 160 Anglicana
595 144 633 155 euin
644 139 694 155 sectis

116 164 219 181 Calvinianis
227 164 293 185 penitus
301 164 438 181 confundebatur.
454 165 490 181 Nec
498 165 562 181 mirum.
578 165 629 181 Domi
638 170 648 181 a
656 164 694 181 Cal-

114 190 179 207 vinistis
191 196 245 211 paene
255 191 319 209 obruta.
327 191 371 207 (oras
382 196 420 207 cum
431 191 494 207 eisdem
506 191 598 207 arctissima
610 191 694 207 familiari—

114 219 150 233 tate
161 217 242 233 utebatur.
266 217 333 233 Etenim
345 222 383 233 curn
395 222 413 233 re
423 217 490 238 publica
501 217 525 233 eis
536 217 640 238 temporibus
651 217 694 233 adeo

114 243 210 259 consociata
218 245 244 259 est
252 243 327 259 Ecclesia
338 245 357 259 ut
365 243 469 262 Elizabetha,
477 243 543 259 foedere
551 248 588 259 curn
598 243 694 263 Hugenotis

115 271 132 285 et
140 274 178 285 cum
185 269 281 285 Calvinistis
289 269 305 285 in
312 269 380 290 Belgica
386 269 504 285 dimicantibus
511 269 548 288 icto,
554 274 587 285 non
596 269 651 285 minus
658 269 694 285 reli-

115 294 170 316 gionis
180 299 231 316 quarn
242 295 288 316 regni
299 295 399 311 defendendi
410 300 460 311 causa
470 295 567 311 societatem
578 295 628 311 simul
640 294 694 311 cultus

115 323 166 342 atque
183 326 267 337 armornm
283 321 339 337 iniisse
354 321 441 337 videretur.
471 321 556 342 Tempora
572 321 694 340 funestissima

116 347 163 363 bellis
170 347 253 363 intestinis
261 349 296 363 tota
305 347 399 363 laniabatur
405 347 531 366 Christianitas;
542 352 573 363 nec
579 352 615 363 sese
623 347 693 363 invicem

116 373 208 394 intelligere
215 375 306 394 potuerunt
313 373 341 394 qui
350 373 372 389 nil
381 373 412 389 nisi
420 376 496 389 mutuam
504 373 594 394 perniciem
603 373 694 389 molieban-

116 401 146 415 tur.
169 398 233 419 Anglia
243 404 283 420 prae
293 399 352 415 ceteris
362 399 410 415 terris
420 399 483 415 felicior
490 399 546 415 adhuc
555 399 639 416 discordia
650 399 693 415 civili

115 430 180 445 expers.
195 425 257 446 quippe
275 425 302 441 cui
321 425 361 441 hora
380 425 455 441 nondum
470 425 547 443 venisset.
561 427 619 441 contra
637 425 694 441 hostes

115 453 194 467 externos
206 451 257 467 anxie
268 451 357 472 vigilabat;
372 457 413 467 mox
425 457 455 472 pro
467 451 525 472 patria.
537 456 567 472 pro
580 451 613 467 aris
625 453 642 467 et
653 451 694 467 focis

115 477 219 496 dimicantes,
227 477 280 498 Angli
292 477 378 498 Hispanos
388 477 428 493 odio
438 477 537 498 inexpiabili
548 477 694 498 persequebantur,

115 508 149 519 nun
157 508 208 519 unum
217 503 285 522 cultum,
293 508 326 519 non
334 503 418 520 vinculum
429 503 507 523 caritatis,
515 503 544 519 vix
555 503 627 519 eundem
638 503 693 519 Deum

115 534 153 545 eum
161 529 193 545 illis
201 529 262 545 habere
269 529 367 546 tolerabant.

148 554 184 572 278,
207 555 244 571 Nec
258 555 322 572 minore
341 556 403 572 invidia
421 561 458 572 sese
472 555 574 572 divellebant
593 555 694 576 professores

115 581 209 597 dilectionis
219 581 290 600 divinae,
300 582 328 603 qui
340 582 396 603 potius
406 582 509 603 triumphum
521 581 626 598 dialecticum
639 586 693 602 repor-

115 610 151 624 tare
161 608 248 629 optabant,
257 613 308 629 quarn
319 611 338 625 ut
348 609 410 625 mutuis
420 608 493 625 consiliis
504 608 520 624 in
532 608 609 624 semitam
621 607 694 624 caritatis

115 639 148 650 una
156 634 277 650 reducerentur.
300 634 377 651 Alteram
385 637 450 656 partem
458 634 520 654 audire,
528 634 589 650 nedum
598 633 694 654 intelligere,

116 665 165 676 nemo
173 660 207 676 sere
216 660 312 677 conabatur.
335 660 415 677 Convicia
426 660 533 681 spurcissima
544 660 587 676 inter
599 665 617 676 se
628 662 694 680 torque-

115 686 164 705 bant;
175 686 256 702 festucam
264 686 307 702 ultra
316 686 384 702 modum
390 686 442 702 trabis
450 686 563 702 indesinenter
570 685 693 701 confodiebant.

116 712 175 732 Neque
183 712 226 728 inter
233 712 340 733 gravissimas
350 712 438 728 defuerunt
446 712 496 728 etiam
507 711 603 728 ludicrinres
610 712 693 732 quaedam

115 739 188 755 iniuriae-
212 738 296 755 Sanderus
309 739 326 755 in
340 739 391 759 longo
404 738 465 755 exsilio
478 743 543 754 morum
557 738 648 759 patriorum
662 737 694 753 snr-

115 767 160 781 tasse
168 764 230 780 oblitus
238 764 308 781 asseruit
316 764 421 785 Anglicanos
431 765 492 781 reiecto
502 764 569 780 nomine
577 763 693 784 episcoponxrn

115 790 265 811 superintendentes,
276 791 373 807 Lutherano
388 796 438 810 more.
450 790 501 806 verbo
516 792 534 806 et
548 795 566 806 re
577 790 614 811 ipsa
625 794 693 805 creasse.

116 817 152 833 Nec
163 816 223 833 mirum
235 819 261 833 est
272 817 285 833 si
297 816 313 833 in
325 817 374 833 rebus
386 816 485 837 Anglicanis
496 815 604 832 aestimandis
617 815 693 831 extranei

115 845 204 864 tantopere
219 848 255 859 sese
270 843 363 861 fefellerint,
375 848 414 859 cum
429 842 513 863 praesules
527 842 578 858 nostri
591 844 608 858 et
622 844 694 857 rectores

116 868 204 888 Fulkurn¹,
211 869 306 890 puritanum
317 869 447 888 acerbissimum,
457 868 531 889 aliosque
542 868 558 884 id
569 873 626 888 genus.
636 867 693 883 Eccle-

116 895 150 910 siae
157 895 271 911 defensionem
279 899 378 915 quocunque
386 895 438 910 modo
445 899 495 915 agere
502 894 572 910 libenter
580 893 656 909 sinerent

148 921 185 937 2⁷4.
208 920 258 942 Quod
268 920 282 936 si
293 920 336 937 inter
343 925 389 936 arma
400 920 445 941 leges
456 920 520 939 sileant,
527 920 581 936 multo
591 920 643 936 satius
651 920 694 936 inter

116 947 210 963 huiusmodi
229 947 349 963 controversias
368 947 448 963 deficiunt
466 947 542 967 aequitas
560 949 577 962 et
596 946 694 965 moderatio,

116 973 197 994 patientia
205 976 222 989 et
230 973 330 992 humanitas,
336 973 397 994 quibus
404 973 456 989 animi
464 973 585 994 disputantium
591 972 613 988 ad
620 972 694 988 veritatis

117 999 242 1020 indagationem
256 1002 336 1020 tanquam
349 999 413 1020 legibus
424 999 541 1020 astringantur.
565 998 639 1019 Ideoque
651 998 694 1014 laxis

116 1025 186 1041 habenis
194 1025 277 1046 utrimque
288 1025 304 1041 in
312 1025 434 1046 praeiudicatas
444 1025 532 1046 opiniones
539 1025 628 1044 ruebatur;
640 1029 694 1045 neque

116 1051 168 1072 Angli
184 1051 290 1067 abstinebant
303 1051 343 1072 quin
358 1051 453 1067 Romanum
468 1050 566 1067 Pontificem
579 1051 648 1071 eiusque
659 1050 694 1066 sau-

117 1079 161 1093 tores
169 1082 199 1098 pro
207 1077 323 1098 deceptoribus
331 1082 350 1094 ac
358 1077 437 1098 deceptis,
442 1082 472 1098 pro
480 1077 551 1093 inimicis
559 1077 614 1093 omnis
622 1076 694 1093 iustitiae

332 1108 337 1117 ¹
346 1109 427 1125 Videsupra.
434 1113 446 1121 ι..
455 1112 480 1125 ιω.
