794 1248
276 98 301 111 DE
313 98 417 111 saelunexo
429 98 500 111 Missae.
649 98 679 114 127

97 138 160 154 datur¹.
184 138 235 155 Unde
251 138 354 155 concludunt
373 138 389 154 in
406 138 481 155 Ecclesia
500 138 596 159 Anglicana
615 138 678 154 nullam

97 166 165 180 exstare
176 164 287 180 intentionem
299 169 356 180 verum
368 164 479 180 sacerdotium
491 164 592 180 conferendi⁴

131 189 166 206 190.
189 190 227 210 Jam
240 195 280 206 veru
295 190 333 206 huic
346 189 436 206 obiectioni
450 190 466 206 in
479 190 592 211 superioribus
605 195 615 206 a
628 189 679 211 priori

98 216 163 231 ratione
170 216 286 236 respondimus
293 221 296 235 ;
309 221 339 232 nec
347 216 360 232 si
368 216 429 236 quibus
435 216 517 232 erroribus
525 216 569 232 circa
576 218 679 237 potestatem

97 241 160 257 ordinis
168 241 236 258 favisset
243 241 318 258 Ecclesia
324 242 425 262 Anglicana,
430 242 491 258 idcirco
497 242 611 258 ordinationes
619 241 680 262 Angli-

98 272 149 283 canas
157 268 211 284 irritas
219 268 258 286 sore,
264 268 305 284 satis
313 268 468 284 demonstravimus.
489 268 544 284 Nemo
552 268 597 284 enim
605 273 679 288 unquam

98 294 181 310 dubitavit
191 294 231 315 quin
244 294 323 313 Ecclesia,
331 299 374 315 quae
385 294 401 310 in
412 294 494 310 haeresim
505 294 526 310 de
536 294 553 310 S.
565 294 652 315 Baptismo
662 296 679 310 et

98 320 134 336 eius
142 320 229 336 effectibus
236 320 325 339 incidisset,
332 320 437 341 Baptismum
445 320 519 336 validum
527 320 601 336 conferre
609 321 680 341 posset¹;

99 351 129 362 nec
138 346 193 362 minus
201 351 244 367 quae
252 346 269 362 in
277 346 359 362 haeresim
367 346 389 362 de
397 351 444 362 sacro
453 345 517 362 Ordine
524 348 542 362 et
549 346 585 361 eius
593 346 679 366 potffltati-

98 372 134 391 bus,
145 372 167 388 de
179 372 195 388 S.
208 372 318 391 Eucharistia,
330 372 352 388 de
363 372 448 391 sacrificio,
460 372 481 388 de
492 372 586 388 sacerdotio
600 372 680 390 inciderit,

98 403 155 414 verum
164 398 275 414 sacerdotium
284 398 360 414 Ecclesia
367 398 441 413 conferre
449 400 509 418 potest.
533 398 607 419 Ideoque
615 398 631 414 in
639 403 679 414 casu

98 429 149 444 quem
160 426 225 444 ponunt
235 424 331 443 obiectores,
339 423 356 439 id
367 424 421 439 solum
432 424 546 444 quaerendum
558 426 583 440 est
595 426 650 440 utrum
662 425 679 440 in

98 450 130 466 ritu
137 449 246 466 ordinationis
252 449 305 465 forma
311 452 328 465 et
335 450 404 465 materia
410 449 514 470 adaequatae
520 449 635 468 adhibeantur,
640 455 679 466 cum

99 476 191 491 intentione
199 475 258 491 saltem
266 475 339 496 generali
348 475 419 492 faciendi
427 476 472 496 quod
481 475 520 491 facit
529 475 604 491 Ecclaeia
613 475 679 492 Christi.

100 502 149 518 Hanc
157 504 213 518 autem
222 502 337 522 quaestionem
346 502 362 517 in
371 501 483 522 superioribus
490 501 625 522 disceptavimus.

132 527 167 544 191.
190 527 273 543 Attamen
287 532 341 548 neque
354 527 386 543 hoe
398 527 435 543 loco
447 527 522 543 contenti
534 527 596 543 erimus
607 527 647 548 quin
659 532 679 543 ea

99 558 142 574 quae
156 553 208 569 nostri
221 553 243 569 de
257 553 289 569 hac
302 558 319 569 re
332 554 444 569 communiter
457 554 529 569 doceant
542 553 593 574 paulo
608 553 679 569 lucidius

99 585 209 601 exponamus,

132 606 195 622 Dicunt
206 606 298 622 obiectores
311 606 403 622 Ecclesiam
415 605 527 627 Anglicanam
543 605 636 622 formaliter
650 610 679 621 ne-

99 637 148 653 gasse
163 632 180 648 in
193 632 209 648 S.
224 632 328 648 Eucharistia
343 632 442 648 sacrificium
455 632 515 648 offerri.
538 632 613 648 Ubinam
627 632 680 648 haec?

100 658 166 679 Nempe
177 658 193 674 in
204 658 285 674 Articulis
296 658 388 679 Religionis
399 658 440 674 hacc
452 658 507 674 doceri
520 661 601 677 asserunt,
608 663 680 679 quorum

99 684 116 699 in
128 684 179 699 xxxi⁰
190 684 230 700 talia
242 683 320 705 leguntur
326 685 360 700 :—⁴¹
366 683 435 700 Oblatio
446 684 508 700 Christi
520 683 572 700 semel
584 684 632 703 saeta,
643 689 680 705 per-

100 709 143 726 fecta
158 712 183 726 est
199 710 297 730 redemptio,
309 710 406 731 propitiatio
420 712 437 726 et
453 709 545 725 satisfactio
558 715 589 730 pro
602 710 680 726 omnibus

100 736 173 756 peccatis
191 736 243 752 totius
258 736 321 755 mundi,
336 738 371 752 tam
386 735 495 756 originalibus
510 740 561 756 quarn
576 735 680 754 actualibus;

100 766 154 782 neque
162 764 228 782 praeter
235 761 280 777 illarn
289 761 355 777 unicam
363 764 389 777 est
396 761 431 777 ulla
439 761 471 777 alia
479 767 510 782 pro
517 761 590 782 peccatis
598 761 680 782 expiatio:

100 787 145 803 unde
155 787 242 803 missarum
253 787 337 807 sacrificia,
344 787 406 808 quibus
416 787 466 808 vulgo
477 787 568 806 dicebatur,
576 787 679 803 sacerdotem

99 813 158 829 offerre
176 813 261 829 Christum
281 813 298 829 in
315 813 429 829 remissionem
447 818 511 834 poenae
527 815 556 828 aut
571 813 634 833 culpae,
650 818 680 833 pro

100 839 141 854 vivis
155 841 172 855 et
187 838 275 858 defunctis,
287 838 385 859 blasphema
399 838 479 859 figmenta
492 840 531 854 sunt
546 840 563 854 et
578 838 680 859 perniciosae

100 864 216 886 imposturae.''

133 891 168 907 192.
190 890 235 911 Quid
243 893 300 906 autem
307 890 377 906 voluerit
385 890 417 906 ista
424 890 500 906 definitio
508 890 553 906 brevi
561 890 679 906 declarandum

99 919 129 933 esti
153 917 196 933 Mira
204 921 244 932 sane
255 918 273 932 et
282 916 374 937 periculosa
382 916 439 937 opinio
447 916 469 932 de
476 916 557 932 sacrificio
565 916 680 932 Eucharistiae

99 942 166 958 saeculo
178 942 211 958 xvi.
223 942 316 963 ingruebat,
327 944 377 963 atque
389 942 406 958 in
418 942 482 963 Anglia
493 942 544 963 vulgo
555 942 680 960 defendebatur.

99 971 117 984 et
128 968 162 985 late
173 970 266 989 propagata
277 968 319 987 suin
332 968 378 984 cuius
390 968 449 984 erroris
460 968 526 989 penitus
538 968 618 984 obruendi
630 973 680 984 causa

100 994 195 1010 Articulum
207 995 228 1010 de
239 999 274 1014 quo
285 994 340 1014 agitur
351 994 436 1010 redactum
448 994 499 1010 fuisse
508 994 620 1010 ostendemus.
644 994 680 1010 Nec

99 1020 168 1041 quidem
180 1020 278 1040 negabimus
290 1020 345 1035 minus
356 1021 405 1035 caute
416 1019 503 1036 definitum
516 1020 570 1038 fuisse,
579 1020 621 1036 adeo
633 1023 651 1036 ut
663 1020 679 1036 in

99 1046 173 1067 peiorem
189 1048 254 1066 partem
270 1045 365 1061 Articulum
384 1048 477 1066 pervertere
496 1045 635 1062 malevolentibus
650 1046 679 1061 vix

198 1085 203 1093 ¹
212 1086 228 1098 ld
234 1085 312 1102 mixtum
318 1086 361 1098 merit
367 1086 430 1100 nsum-n.
435 1088 454 1103 op,
461 1087 481 1099 cit.
489 1090 511 1103 pp.
519 1086 542 1099 «σε
548 1090 582 1103 κῃ.

198 1106 203 1114 ¹
211 1107 231 1120 cr.
238 1111 252 1119 a
258 1111 291 1123 qm
296 1111 304 1119 e
309 1107 386 1120 uem-mim
391 1107 495 1124 dempsimus,
502 1111 515 1119 n.
523 1111 550 1123 ιρι.
