794 1248
107 89 137 107 152
260 89 298 103 cn.
310 89 334 102 Vl.
357 89 382 102 DE
394 89 452 102 PRAxl
464 90 477 102 5,
490 89 505 102 Ε,
517 89 533 102 R.

106 131 145 149 post
157 129 243 145 recitatam
257 128 354 145 facultatem
368 129 429 150 agendi
443 134 483 150 erga
496 129 565 145 ciericos
578 134 637 145 omnes
650 131 685 145 tam

106 154 189 176 praelatus
197 160 248 175 quam
257 154 342 171 inferiores
350 154 390 171 talia
401 155 488 176 leguntur:
500 156 508 163 “
514 155 584 171 Necnon
594 160 635 175 erga
645 155 686 171 alias

106 185 186 201 personas
194 180 211 197 in
219 180 289 201 singulis
297 181 356 197 litteris
366 181 456 202 praedictis
466 181 577 202 quovismodo
586 181 686 200 nominatas,

106 207 127 222 ad
146 209 163 222 te
177 211 208 227 pro
224 209 300 227 tempore
314 209 416 223 recurrentes
429 207 455 223 vel
473 207 563 226 mittentes,
576 207 627 223 etiam
643 207 686 223 circa

106 232 173 249 ordines
180 238 223 254 quos
231 238 316 254 nunquam
324 235 353 249 aut
361 233 406 249 male
413 235 526 254 susceperunt,
533 235 550 249 et
558 238 619 249 munus
628 238 686 249 conse-

106 259 185 275 crationis
193 259 237 280 quod
246 259 269 275 eis
277 259 299 275 ab
307 258 344 274 aliis
356 259 444 280 Episcopis
451 259 478 275 vei
489 259 624 280 Archiepiseopis
634 259 685 275 etiam

106 285 194 301 haereticis
202 287 219 301 et
229 285 340 301 schismaticis
350 287 380 301 aut
390 285 432 301 alias
442 285 497 301 minus
508 285 539 301 rite
549 288 566 302 et
576 291 610 301 non
620 288 686 301 servata

106 311 160 327 {orma
168 310 254 326 Ecclesiae
263 313 344 327 consueta
355 311 450 332 impensum
462 311 497 330 fuit,
505 311 556 327 etiam
567 311 580 327 si
591 312 658 328 ordines
669 314 686 327 et

106 341 168 352 munus
180 336 275 352 huiusmodi
288 337 338 353 etiam
352 337 395 353 circa
408 337 465 353 altaris
476 337 587 353 ministerium
598 337 686 353 temerarie

107 363 183 379 exsecuti
194 362 241 379 sint?

138 389 175 406 m
197 389 236 409 Jam
244 389 271 405 his
275 389 329 405 verbis
335 389 462 410 distinguuntur
467 389 510 405 inter
516 389 586 405 Ordines
593 389 686 410 generatim

106 418 135 432 aut
143 415 163 436 (i)
171 415 214 431 male
220 417 249 431 aut
257 415 284 436 (ii)
294 420 377 436 nimquam
385 418 481 436 susceptos;
492 415 553 431 deinde
561 418 578 431 et
586 415 629 431 inter
637 415 686 436 Epis-

105 444 149 462 copus
157 443 186 457 aut
193 441 225 462 (iii)
232 441 253 457 ab
260 441 344 457 haereticis
350 443 366 457 et
372 441 484 460 schisnmticis,
490 444 519 457 aut
526 441 558 461 (iv)
565 441 625 462 absque
627 441 686 461 forma

106 467 185 483 Ecclesiae
199 470 273 483 consueta
289 469 398 483 consecratos.
422 467 473 483 Porro
488 467 529 483 haee
544 468 602 483 omnia
615 467 638 483 nil
654 467 685 483 nisi

105 493 213 514 dispensandi
225 495 327 514 potestatem
339 493 440 514 respiciunt3
453 493 524 514 ideoque
536 495 612 514 apertum
624 495 649 509 est
661 498 686 509 re-

105 519 143 535 ferri
150 519 225 535 desectus
231 522 248 535 et
254 519 383 540 irregularitates
389 524 438 540 super
444 519 504 540 quibus
510 519 642 540 dispensandum
649 521 684 535 erat

106 550 144 561 cum
152 545 176 561 eis
182 545 210 566 qui
219 547 257 566 post
265 545 352 561 dissidium
360 545 432 561 ordinati
441 545 514 561 ruissent.
534 545 653 566 Quaerendum
660 547 686 560 est

106 571 157 592 igitur
168 574 224 588 utrum
238 572 281 587 inter
292 571 323 587 hos
334 571 406 587 ordinati
420 571 468 587 iuxta
482 576 534 587 novos
548 571 589 587 ritus
603 571 685 587 numerari

108 598 185 614 debeant.

139 624 175 640 225.
197 623 218 644 (i)
238 623 265 639 Ac
280 623 339 644 primo.
352 623 420 644 quinam
436 623 502 639 suerunt
518 623 585 639 ordines
600 623 628 644 qui
644 623 686 639 mah

106 649 175 670 suscepti
191 651 251 666 erant?
285 649 356 665 Indubie
374 649 510 670 respondendum
528 651 554 665 est
571 649 592 665 ad
612 652 686 665 mentem

107 676 124 692 S.
140 676 189 692 Sedis
205 676 272 691 ordines
290 678 328 696 post
346 676 433 691 dissidium
451 680 551 696 quocunque
568 676 600 691 ritu
615 675 686 691 collatos

106 707 165 718 omnes
175 701 225 718 fuisse
236 701 278 717 malt
287 704 368 722 susceptos.
392 702 438 722 Ergo
445 702 512 718 ordines
523 702 572 718 iuxta
582 706 634 717 novos
645 702 686 717 ritus

106 728 163 744 collati
175 733 229 748 neque
240 727 286 744 hisce
297 728 352 743 verbis
365 728 472 748 excipiuntur
485 733 515 744 nec
529 733 578 744 sensu
592 728 685 744 necessario

108 754 219 770 includuntur*

139 780 175 796 228.
197 780 224 800 (ii)
248 779 292 795 Dein
307 780 328 796 de
344 779 429 796 ordinibus
445 785 529 800 nunquam
543 780 619 800 susceptis
635 785 686 801 quae-

107 806 176 822 rendum
185 808 214 822 est.
237 805 271 827 Qui
279 806 348 822 tandem
356 806 395 822 isti?
419 806 469 822 Putat
477 806 557 822 Estcourt
564 806 594 827 (op,
601 806 626 822 cit
635 811 650 827 p.
656 806 686 826 43)

107 831 133 847 his
146 832 200 848 verbis
217 832 276 852 respici
290 837 318 847 eos
332 832 360 852 qui
376 831 426 847 nullis
439 831 525 847 ordinibus
541 832 622 852 susceptis
638 836 686 848 sacro

107 858 199 874 ministerio
211 863 247 874 sese
259 858 392 873 immiscuissent.
417 857 450 873 Hie
461 859 518 873 autem
529 863 587 873 sensus
599 858 686 874 contextui

107 883 176 899 minime
189 886 320 899 consentancum
334 889 370 899 esse
384 883 433 899 nohis
445 883 514 899 videtur.
538 883 628 904 Quomodo
641 884 685 899 enim

106 914 144 925 eum
156 909 188 925 illis
198 909 330 930 dispensandum
341 911 388 925 erat?
411 909 449 930 Qua
460 909 529 925 tandem
540 910 605 925 ratione
615 909 652 925 illos
664 909 686 925 ad

107 936 191 956 Legatum
199 939 228 952 aut
236 941 318 952 recurrere
326 938 355 951 aut
366 936 432 951 mittere
442 936 499 952 credas
508 936 591 952 voluisse?
615 935 643 952 Ni!
654 936 686 951 nisi

106 962 212 978 severitatem
227 962 325 983 disciplinae
340 962 467 982 exspectabant,
479 967 512 983 qua
527 967 550 978 ex
565 962 623 978 officiis
638 964 686 978 tanta

106 988 193 1008 impietate
205 987 295 1008 assumptis
308 992 374 1008 prorsus
388 987 418 1003 eici
430 987 515 1004 deberent.
539 988 572 1004 Hic
584 990 640 1004 autem
652 992 687 1003 non

106 1014 161 1034 agitur
172 1014 194 1029 de
207 1013 295 1029 severitate
308 1013 410 1034 disciplinae,
422 1013 452 1029 sed
466 1013 521 1033 potius
535 1013 557 1029 de
570 1014 639 1029 lenitate
652 1019 686 1034 qua

106 1039 181 1060 Legatus
192 1044 250 1055 usurus
260 1041 295 1055 erat
303 1044 343 1060 erga
351 1044 379 1055 eos
388 1039 415 1059 qui
425 1044 463 1054 vere
470 1039 547 1058 ordinati,
555 1039 585 1055 sed
593 1039 686 1060 irregulari-

105 1065 168 1081 tatibus
182 1065 244 1084 irretiti,
257 1065 391 1085 dispensationes
406 1064 427 1080 ad
442 1064 497 1080 officia
510 1065 577 1085 propria
590 1065 685 1081 exercenda

105 1093 166 1111 sponte
179 1093 258 1111 peterent.
283 1090 315 1106 His
328 1090 481 1111 dispensationibus
494 1090 599 1107 efficiendum
616 1094 652 1107 erat
668 1093 687 1107 ut
