794 1248
336 95 443 108 PRAEFATIO.
661 92 679 107 ix

100 135 190 151 multorum
203 135 274 155 animos,
285 135 344 156 spiritu
357 138 416 151 sancto
429 135 524 155 adiuvante,
536 138 553 152 et
567 135 627 151 modos
639 140 679 151 oon-

99 165 189 181 troversiae
200 165 259 181 solitos
270 165 381 186 seponendus.
405 165 486 186 Ignorant
498 170 559 186 nempe
571 165 620 181 multi
633 165 679 186 quod

100 196 176 217 ignorare
191 196 269 212 dedecori
287 198 322 215 est;
340 195 432 212 calumnias
450 196 527 217 antiquas
546 196 619 213 referunt
637 201 680 217 quas

100 227 160 243 referre
173 227 232 248 pudori
245 230 280 247 est;
294 227 379 243 obsoletas
394 227 493 243 tmditiones
508 227 623 248 redintegrant
637 232 679 248 quas

100 257 130 273 viri
142 263 180 274 vere
191 257 236 274 docti
248 262 279 278 pro
290 257 342 273 nihilo
353 257 422 273 ducunt

133 288 193 303 Visum
205 290 230 303 est
243 292 284 308 ergo
297 287 381 303 nonnullis
395 287 438 303 inter
450 292 480 303 nos
493 287 600 308 (quibuscum
616 287 679 303 amieos

100 318 172 334 antehac
179 324 233 339 paene
241 319 312 339 ignotos,
320 318 418 340 praesertim
426 318 443 334 in
454 318 513 338 Gallia⁷
521 318 538 334 in
546 318 578 334 hoc
586 318 679 334 consentire

100 354 138 365 cum
156 349 218 370 gaudio
235 350 319 370 videmus)
337 354 429 370 congruum
447 350 481 365 iarn
499 349 558 366 adesse
576 352 643 370 tempus
660 351 679 365 ut

100 379 188 395 veritatem
196 379 218 396 de
225 379 359 396 ordinationibus
367 379 466 400 Anglicanis
473 379 552 395 fratribus
560 379 625 399 nostris,
632 384 680 400 prae-

100 410 149 430 cipue
162 410 241 426 ecclesiae
255 410 331 429 Latinae,
343 415 353 426 a
366 410 415 426 nobis
429 414 481 430 usque
494 414 517 425 ex
532 409 599 425 saeculo
614 410 680 426 decimo

100 442 150 456 sexto
157 441 242 461 separatis,
247 440 304 456 denuo
311 445 428 461 proponamus
448 440 576 460 Separationern
584 440 620 456 sine
627 440 679 456 dubio

100 475 155 491 neque
167 476 202 490 nos,
213 471 241 491 qui
256 471 307 487 modo
319 471 394 490 vivii-nus,
407 470 480 490 fecimus,
491 475 546 491 neque
559 470 582 486 illi
595 470 680 487 fecerunt:

100 505 155 521 neque
165 501 258 520 dissidium,
269 501 315 516 cuius
325 500 406 516 haeredes
417 500 456 516 facti
468 500 534 519 suimus,
543 501 610 521 penitus
621 501 680 517 tollere

100 532 196 552 poterimus.
223 532 257 548 Sed
273 531 318 552 quod
333 532 369 547 sine
384 534 455 552 peccato
470 534 527 547 nostro
542 531 623 551 consistit,
638 531 680 548 tole-

101 562 168 579 rabilius
182 563 259 583 utrinque
273 563 327 579 facere
340 568 371 579 nos
384 565 461 584 oportet;
478 567 533 583 neque
545 562 567 579 ab
580 562 612 579 hoc
625 562 680 579 officio

100 593 183 609 declinare
201 593 237 609 sine
259 596 328 614 peccato
349 598 442 614 possumus.
472 593 587 612 Tolerabilius,
607 593 680 614 inquam,

101 624 155 640 facere
162 630 193 640 nos
203 627 274 646 oportet,
281 627 298 641 et
308 625 383 646 posteris,
391 627 475 645 quatenus
486 625 502 640 in
515 624 563 640 nobis
575 627 605 643 est,
613 625 679 645 penitus

101 655 193 672 tollendum
202 656 298 677 relinquere.
321 655 360 676 Qua
368 656 384 672 in
393 661 411 672 re
421 656 493 676 primum
504 661 547 676 opus
557 658 582 672 est
593 656 680 672 voluntate

101 685 155 705 bona;
165 686 226 702 deinde
234 691 291 702 amore
298 686 373 702 veritatis
381 686 416 702 sine
424 686 462 702 fuco
470 688 487 702 et
495 686 587 702 ambitione
593 692 597 706 ;
606 687 679 707 denique

101 716 170 732 scientia
178 716 238 732 idonea
246 719 263 732 et
271 716 362 737 diligentia.
385 716 434 737 Quae
442 717 499 732 omnia
509 716 572 733 habent
582 717 618 733 sine
628 717 680 733 dubio

100 748 177 762 auctores
185 746 221 762 libri
230 747 256 763 De
263 747 363 763 Hieran-hia
370 747 469 768 Anglicana,
476 747 505 768 qui
517 752 543 763 me
555 749 573 763 ut
583 747 646 768 aliquid
657 747 679 763 de

100 777 132 792 hac
149 777 261 793 controversia
277 777 384 798 praefationis
400 777 437 793 loeo
452 777 498 798 operi
513 782 544 793 suo
559 782 678 798 praeponerem

101 806 173 828 benigne
184 810 288 828 rogavemnt.

134 838 194 858 Neque
201 838 252 854 credo
259 843 362 859 quemquam
370 838 422 854 latere
427 843 477 859 posse
482 843 533 859 quam
540 841 585 855 arcte
591 839 680 856 coniuncta

101 868 122 884 sit
135 868 248 884 controversia
260 868 282 884 de
293 868 426 885 ordinationibus
437 869 498 885 nostris
509 874 547 885 cum
560 869 680 886 instauratione

101 898 146 918 pacis
162 898 205 914 inter
220 898 308 914 Ecclesias.
334 898 406 914 Ordines
421 901 487 915 nostros
502 899 600 915 omnimodo
615 899 680 916 validos

101 932 137 944 esse
148 933 244 944 censemus:
255 931 318 949 negant
329 928 377 944 multi
388 933 411 944 ex
423 928 501 944 fratribus
513 929 584 945 Latinae
595 929 679 949 ecclesiae,

101 958 179 975 dubitant
187 959 247 980 plures,
252 960 300 980 pauci
309 962 388 975 assemnt.
408 959 442 975 Sed
450 959 491 975 haec
499 959 567 980 negatio
573 962 590 976 et
596 960 680 977 dubitatio

101 992 136 1006 tam
145 990 195 1011 longo
203 993 279 1011 tempore
290 993 383 1011 propagata
393 995 431 1006 cum
443 990 517 1006 maxime
527 991 616 1007 conturbat
626 991 680 1007 homi-

102 1025 142 1036 num
150 1021 219 1040 animos,
227 1023 244 1037 et
251 1026 310 1037 eorum
318 1020 346 1041 qui
354 1020 394 1036 soris
402 1022 441 1036 sunt
449 1022 466 1036 et
473 1020 501 1041 qui
513 1020 557 1036 intus
568 1023 611 1037 sunt
634 1021 679 1042 Quid

101 1053 127 1066 est
139 1051 183 1066 enirn
197 1051 218 1066 de
229 1056 263 1072 quo
274 1050 388 1071 disceptetur?
412 1050 450 1066 Non
462 1053 487 1066 est
499 1055 524 1066 res
536 1051 582 1071 parvi
595 1052 680 1071 momenn',

101 1080 130 1096 sed
144 1080 230 1097 dubitatur
243 1086 264 1097 an
277 1081 320 1097 veris
336 1080 444 1096 sacramentis
458 1080 482 1096 uti
495 1085 526 1096 nos
538 1081 640 1098 credendum
654 1082 680 1098 sit.

101 1110 204 1132 Quanquam
214 1111 259 1127 enirn
271 1110 355 1131 baptisma
363 1110 412 1126 nobis
420 1110 493 1126 validum
502 1110 554 1127 invite
561 1113 578 1127 et
586 1112 617 1127 suh
625 1111 681 1133 aliqua
