794 1248
286 104 386 117 cromnam
398 103 499 117 noc’rRmA.
662 101 683 121 83

103 144 196 165 opiniones.
219 144 300 160 Cranmer
310 144 360 163 enirn,
368 146 386 160 ut
393 149 445 164 supra
452 144 552 163 notavimus,
560 144 576 160 in
587 149 631 160 novo
641 143 684 160 libro

104 170 165 186 rituum
181 170 268 186 exarando
283 170 346 191 primas
361 172 417 190 partes
432 169 524 186 obtinebat.
547 170 592 191 Quid
608 175 648 186 vero
662 170 684 186 de

103 198 209 212 sacr-amento
219 195 288 212 Ordinis
299 195 326 212 ille
335 195 406 212 senserit
418 195 451 211 iam
461 196 537 216 superius
545 195 585 216 (cap.
593 195 617 215 iil)
628 198 683 211 osten-

103 222 159 238 dimus
165 227 169 241 ;
181 227 253 243 namque
259 222 329 238 librisde
334 221 439 238 Institutione
445 221 541 241 Christiani,
548 225 565 238 et
571 222 684 238 denecessaria

105 247 197 264 Christiani
200 248 281 265 Doctrina
285 251 333 269 atque
337 248 440 267 Eruditione,
446 248 474 269 qui
479 248 572 264 doch-inam
578 248 683 265 Catholicam

104 275 154 295 plane
172 278 291 296 exposuerunt,
309 280 347 291 eum
363 274 480 295 subscripsisse
495 275 628 291 memoravimus
647 274 684 290 Nec

104 300 172 321 quidem
177 301 199 317 ab
206 301 238 317 hac
245 301 327 320 doctrina,
335 303 369 317 tam
376 303 422 317 certo
428 301 480 316 totius
487 300 572 317 Ecclesiae
578 300 684 321 Anglicanae

104 326 200 342 testimonio
207 326 282 346 defensa,
291 326 401 343 Cranmerum
411 329 470 347 postea
480 327 571 342 decessisse
581 327 683 342 credendum

104 355 134 371 est,
141 357 179 368 cum
191 353 288 373 praesertim
297 353 356 368 eadem
368 352 402 368 sere
414 352 430 368 in
441 352 543 368 catechismo
551 352 625 368 docuerit
633 357 683 373 quem

104 384 149 395 anno
166 379 206 399 1548
222 379 267 400 typis
285 379 375 395 mandavit.
399 379 482 395 Nimirum
500 378 537 399 ipso
556 381 631 399 ternpore
650 383 684 399 quo

104 404 163 420 ritibus
170 405 272 425 castigandis
280 409 349 425 operam
357 404 409 420 dabat
417 404 458 420 talia
463 404 485 420 de
492 404 543 420 sacris
551 404 683 420 ordinationibus

104 433 121 447 et
128 431 150 447 de
157 431 262 447 successione
270 430 370 452 Apostolica
378 431 456 447 disseruit
461 436 486 446 :—

137 457 173 473 12⁷.
196 457 293 473 “Dominus
304 459 361 473 noster
370 456 419 477 Jesus
430 456 506 473 Christus
517 456 601 472 ministros
611 459 629 472 et
636 461 683 477 prae-

103 482 186 499 dicatores
194 483 222 503 qui
231 488 261 499 nos
269 483 286 499 in
294 488 342 499 sacro
349 482 400 499 verbo
408 487 439 498 suo
445 482 550 498 instituerent
557 484 573 498 et
579 485 683 498 sacramenta

104 508 220 529 dispensarent
228 511 264 525 tum
270 509 309 529 Ipse
315 509 398 525 ordinavit
404 510 440 524 tum
447 508 470 524 eis
477 508 563 524 mandavit
569 508 609 528 quid
617 508 684 524 nomine

104 539 135 550 suo
147 535 231 554 docerent,
244 537 260 550 et
274 535 359 555 quomodo
373 534 460 550 nobiscum
473 536 546 554 agerent.
570 534 629 554 Itaque
642 534 683 550 duo-

104 560 158 576 decim
174 560 267 581 Apostolos
284 560 350 576 vocavit
368 562 419 581 atque
438 559 498 580 elegit;
516 559 544 581 qui
564 562 602 580 post
622 559 683 576 Christi

105 586 226 603 Ascensionern
240 586 277 602 aliis
290 591 357 607 quoque
370 586 402 607 piis
414 589 431 602 et
444 587 506 602 sanctis
519 586 615 602 hominibus
628 589 683 607 potes-

105 615 157 629 tatem
164 613 247 629 donarunt
254 615 273 629 ut
279 612 331 628 Verbi
338 612 430 628 ministerio
437 612 549 633 fungerentur,
555 612 579 628 eis
587 612 684 633 praesertim

104 638 145 655 loeis
153 639 181 655 ubi
189 639 222 655 iam
231 639 321 655 Christiani
329 639 472 660 praedicatoribus
480 639 582 660 indigebant,
590 644 644 659 neque
652 639 683 660 ipsi

105 665 182 685 Apostoli
193 665 255 681 diutius
266 665 326 681 morari
337 667 419 685 poterant
442 664 556 685 Quamobrem
568 665 581 680 si
593 670 635 685 quos
647 665 684 685 pios

104 694 155 712 atque
170 691 191 707 ad
207 691 275 707 verbum
292 691 324 707 Dei
339 691 470 712 praedicandum
489 691 559 707 idoneos
578 691 684 710 invenissent,

104 722 164 733 manus
177 717 201 733 eis
215 717 325 738 imponebant
340 720 357 733 et
371 716 452 737 Spiritum
466 716 547 733 Sanctum
562 717 684 737 impertiebant,

104 743 146 759 sicut
156 745 173 759 et
184 743 215 764 ipsi
226 743 298 759 eundem
307 742 387 759 Sanctum
399 742 485 763 Spiritum,
492 747 526 763 quo
535 742 566 758 hoe
574 742 684 758 ministerium

104 772 240 790 exsequerentur,
247 774 257 785 a
268 769 335 785 Christo
345 771 449 789 acceperant.
471 768 536 785 Omnes
546 769 596 790 igitur
607 769 630 785 ita
640 769 684 785 ordi-

104 795 144 814 nati,
154 796 199 816 quod
212 796 277 816 scripsit
290 795 307 812 S.
320 796 381 811 Paulus
393 795 415 811 ad
428 795 541 814 Timotheum,
553 795 622 816 perinde
633 798 684 816 atque

104 821 136 842 ipsi
154 821 238 842 Apostoli,
254 821 326 837 Ministri
345 821 377 837 Dei
395 826 434 837 vere
451 824 498 837 erant
516 823 533 837 et
551 821 684 837 nominabantur.

105 847 179 868 Ideoque
190 848 229 863 inde
239 847 261 863 ab
272 847 360 868 Apostolis
370 852 423 868 usque
434 848 455 863 ad
466 850 542 863 nostrum
552 850 623 868 tempus,
631 847 684 864 Verbi

105 873 219 892 ministerium,
224 873 270 894 quod
277 873 360 889 Dominus
366 876 422 889 noster
428 873 476 894 Jesus
483 873 559 890 Christus
566 873 601 894 ipse
608 873 684 893 instituit,

104 899 126 915 ab
139 899 227 920 Apostolis
240 904 271 920 per
284 900 408 920 impositionem
422 905 501 916 manuum
516 900 613 920 donumque
627 900 685 916 Sancti

105 925 177 946 Spiritus
192 925 209 941 in
224 930 327 941 successores
341 925 456 941 transmissum
470 928 506 945 est3
521 930 564 946 quae
577 925 645 946 quidem
659 928 685 942 est

104 951 208 967 consecratio
221 954 238 967 et
249 951 333 967 ordinatio
344 954 361 967 et
372 952 430 967 unctio
442 951 568 972 Apostolorum,
582 956 615 972 qua
630 952 685 972 primo

105 976 198 998 Episcopus
211 977 353 998 Presbyterosque
367 978 457 997 creabant;
472 983 515 999 quae
531 983 583 998 usque
596 978 617 994 ad
633 977 684 994 finem

104 1003 166 1019 sacculi
177 1003 194 1019 in
207 1003 282 1019 Ecclesia
293 1003 372 1020 manebit.
396 1003 507 1025 Quapropter,
519 1003 588 1024 parvuli,
600 1003 685 1019 ministros

105 1029 191 1045 Ecclesiae
198 1030 306 1049 veneramini,
314 1032 365 1050 atque
375 1030 392 1046 in
400 1030 458 1046 debito
466 1030 529 1046 honore
538 1029 603 1048 habete,
612 1034 655 1050 quos
664 1034 685 1046 ne

104 1056 151 1076 parvi
163 1056 255 1072 aestimetis
268 1058 349 1076 tanquam
361 1056 393 1072 Dei
408 1056 492 1072 ministros
505 1058 522 1072 et
536 1055 603 1071 nuntios
615 1055 685 1072 Domini

105 1081 157 1097 nostri
166 1081 207 1102 Jesu
218 1081 280 1098 Christi
292 1082 308 1097 in
319 1082 429 1097 exsecutione
439 1081 488 1097 officii
499 1086 589 1102 agnoscere
597 1081 645 1098 vobis
656 1087 686 1098 exv

105 1107 156 1129 pediti
179 1107 218 1129 Ipse
229 1107 274 1123 enim
282 1107 358 1124 Christus
370 1107 386 1123 in
395 1107 488 1128 Evangelio
498 1107 548 1126 dixit,
556 1106 591 1126 Qui
599 1112 627 1123 vos
634 1107 686 1127 audit,

597 1137 640 1153 6-2
