794 1248
127 95 147 111 32
224 94 263 108 CAP.
275 95 294 108 11.
316 95 341 107 DE
353 94 434 108 1³24me
445 94 606 108 CONSECRATIONR

125 137 232 151 consecratus
246 135 341 155 cognoscin
359 135 382 151 de
400 134 432 151 illis
447 140 491 153 vero,
509 140 553 155 quae
571 135 593 151 ad
612 135 705 157 simplicem

126 160 257 177 iurisdictionem
265 163 347 182 spectant,
354 161 441 182 cognoscit
449 161 512 177 electus
520 163 537 177 et
545 161 658 180 confirmatus,
666 162 705 178 licet

126 187 201 202 nondum
222 187 244 203 sit
264 187 281 203 in
300 187 398 208 episcopum
417 189 528 206 consecratus,
547 187 587 207 quia
605 188 705 204 exercitium

126 212 244 229 iurisdictionis
252 215 291 229 actu
299 213 390 233 acquiritur
398 217 428 233 per
436 212 585 229 confirmationem.
608 213 646 229 Tali
655 213 705 234 igitur

126 240 211 259 potestate
222 239 266 254 intra
277 241 332 255 certos
344 238 405 255 limites
417 239 489 254 coercita
500 241 517 255 et
529 238 597 255 Bonner
607 241 625 255 et
640 239 705 256 Balow

126 265 200 281 nondum
213 265 304 281 consecrati
315 265 400 281 dioeceses
410 269 449 280 suas
459 264 605 283 administrabant,
616 270 646 281 nec
658 268 704 281 ante-

126 296 177 311 quam
185 291 278 307 consecrati
286 291 340 307 forent
348 290 462 307 iurisdictione
469 290 494 306 ad
498 290 596 311 dignitatem
603 290 704 311 episctssakm

122 317 215 338 pertinenti,
226 317 288 333 nedum
300 319 384 338 potestate
394 316 458 332 ordinis
467 316 559 337 episcopalis
571 317 595 333 uti
609 319 704 338 potuerunt.

126 342 169 363 Quis
188 348 227 359 vero
246 343 302 359 credet
321 343 411 359 Barlovum
431 342 526 358 huiusmodi
546 345 630 363 potestate
648 348 705 360 carere

125 368 209 384 voluisse?
232 368 299 384 Bonner
308 371 346 389 post
357 368 421 389 aliquot
431 373 501 388 menses,
512 368 540 384 die
551 371 568 388 4⁰
578 369 646 389 Aprilis,
659 373 704 389 1540,

125 396 236 414 consecratus,
251 395 320 411 tandem
337 397 355 411 et
370 394 401 410 hac
417 397 501 415 potestate
515 395 601 415 praeditus
615 400 705 411 consecrare

125 423 176 441 atque
187 420 263 437 ordinare
274 421 333 441 potuit
357 420 400 437 Item
413 420 478 437 Barlow
489 423 506 437 et
515 421 623 437 consecrandi
633 424 650 437 et
660 421 704 437 ordi<

125 446 176 462 nandi
182 449 266 467 potestate
272 447 353 463 utebatur.
370 447 436 468 Nempe
441 447 594 463 consecrationibus
599 447 703 468 quorundam

125 473 247 493 episcoporum,
254 478 297 494 quos
305 473 347 489 infra
355 474 377 494 (n
384 477 393 493 7
396 473 413 493 3)
421 473 555 492 memorabimus,
564 473 642 489 interfuit.
658 473 704 494 Ergo

125 501 142 515 et
150 498 219 518 Barlow,
230 499 258 519 qui
269 499 384 520 episcopatum
396 504 445 515 suum
455 504 508 519 aeque
520 504 539 515 ac
548 499 615 515 Bonner
622 501 703 520 tanquam

125 525 198 541 muneris
210 525 271 546 publici
284 525 377 541 mercedem
389 527 479 545 receperat,
492 525 584 541 consecrari
600 525 662 545 debuit,
673 530 704 541 nec

125 551 173 567 facile
181 551 323 567 consecrationem
331 551 464 572 praetermittere
471 551 530 572 potuit

157 577 183 594 44.
206 577 263 593 Tertio
270 577 296 598 (3)
303 577 409 593 communius
416 577 488 593 obicitur
495 577 540 598 quod
552 577 617 593 Barlow
628 578 703 594 nondum

125 606 231 619 consecratus
245 603 261 619 in
273 603 374 624 quibusdam
386 603 492 619 documentis
505 603 584 624 qozzvcapus
594 603 704 620 Mene-minsis-

125 632 230 650 nuncupatus
246 632 281 649 est;
299 629 333 646 imo
348 635 366 645 se
381 629 436 650 ipsum
452 630 468 645 in
486 629 547 645 litteris
562 630 585 646 ita
601 630 703 646 nominabat

126 656 176 672 Unde
194 655 318 672 conclusionem
337 655 392 671 inferri
411 656 469 671 volunt
488 655 580 672 obiectores
599 656 644 677 quod
664 661 704 677 prae

124 684 222 702 contemptu
238 682 368 698 consecrationis
387 682 459 698 electum
478 687 509 703 pro
527 682 606 698 absoluto
624 682 704 703 episcopo

124 708 205 724 habuerit
228 707 261 728 Qui
277 712 315 723 cum
331 708 354 723 ita
369 707 451 723 disserant
467 707 522 728 potius
538 707 641 724 inscientiam
655 713 703 724 suam

124 739 175 754 quam
184 733 250 750 Barlovi
261 733 388 749 heterodoxiam
399 733 520 749 demonstrant⁴
543 733 615 750 Constat
625 734 670 750 enim
681 739 703 750 ex

124 765 154 775 usu
169 759 281 776 ecclesiastico
294 759 361 776 titulum
375 759 488 780 episcopalem
502 759 556 775 electo
569 762 586 776 et
600 759 703 779 confirmato,

124 786 162 801 licet
174 786 249 801 nondum
261 788 367 802 consecratus
378 785 405 804 sit,
417 787 462 801 certo
475 785 549 806 quodam
564 785 615 801 modo
628 788 672 801 recte
683 790 703 802 ac

124 812 159 828 iure
169 814 269 832 competere.
293 811 312 827 ld
323 813 395 827 testatur
403 811 441 827 Van
450 811 507 832 Espen
515 811 539 832 (p.
547 811 556 827 i⁴
563 814 574 827 t.
583 812 616 828 xiv.
624 817 637 828 c.
647 811 676 832 5,§
681 812 703 832 7).

124 843 158 858 quo
177 838 231 853 iudice
246 837 309 854 electus
325 837 394 853 obtenta
413 837 540 853 confirmatione
559 840 639 858 tanquam
654 843 703 853 verus

124 866 181 884 pastor
192 866 209 879 et
222 864 311 884 episcopus
324 863 404 879 ecclesiae
415 863 489 879 vacantis
505 866 596 884 reputatur.
619 864 702 880 Nimirum

124 889 254 905 iurisdietionem
276 889 379 910 spiritualem
400 888 481 905 electione
499 889 580 910 aequirit;
602 889 627 905 ius
645 892 701 906 autem

124 915 228 931 exercendae
243 915 360 931 iurisdictionis
376 917 394 931 ut
410 915 485 935 superius
500 915 604 931 ostendimus
619 920 649 936 per
663 920 703 931 con>

124 941 236 957 firmationem
248 941 317 957 obtinet.
340 940 379 962 Quo
390 941 434 957 circa
445 941 573 962 “appellatione
585 941 664 962 apiscopi?
679 942 703 958 ait

125 967 233 988 Lyndewode
245 967 280 988 (lib.
292 967 313 983 iii.
325 967 350 983 titi
360 971 384 987 13,
394 972 409 983 ν.
417 966 498 987 arbitria),
506 967 536 983 “in
545 967 703 983 iurisdictionalihus

123 993 271 1014 comprehenditur
292 992 400 1009 confirmatus
422 992 460 1008 licet
479 998 513 1008 non
532 993 652 1009 consecratusl’
682 993 702 1009 In

124 1022 197 1035 mentem
209 1019 276 1035 venient
287 1019 355 1035 nomina
365 1019 476 1040 complurium
488 1019 516 1040 qui
527 1024 557 1039 per
567 1019 637 1035 abusum
649 1024 703 1040 paene

124 1045 245 1062 intolerabilem
254 1046 275 1061 ad
282 1045 388 1066 episcopatus
395 1045 443 1061 electi
451 1045 582 1061 iurisdietionem
588 1048 703 1065 exercuerunt¹

123 1071 203 1088 officiales
211 1073 227 1087 et
235 1071 305 1087 vicarios
314 1071 447 1090 nominaverunt,
454 1071 560 1088 coadiutores
568 1071 589 1087 ad
597 1074 702 1087 sacramenta

123 1097 219 1119 peragenda
230 1097 354 1118 delegaverunt,
365 1102 396 1114 nee
407 1100 464 1114 tamen
476 1097 519 1113 ullos
529 1102 585 1113 sacros
595 1097 663 1113 ordines
671 1098 702 1118 ipsi
