794 1248
249 99 274 111 DE
285 99 372 112 DECRETO
384 99 421 112 PRO
432 99 522 112 ARMENIS.
646 101 676 117 113

96 140 153 154 autem
161 138 182 154 de
192 138 259 160 propria
269 139 368 155 sacramenti
379 139 449 155 materia
457 139 501 159 apud
510 139 598 160 theologos
606 139 677 156 Latinos

96 164 220 185 praevalentem
232 165 320 186 exposuit;
334 170 364 181 nec
375 165 452 181 dubitare
464 170 553 186 possumus
564 166 604 186 quin
616 166 647 187 ipsi
659 166 676 182 in

96 190 140 206 votis
155 190 204 207 fuerit
219 193 237 207 ut
249 191 344 208 Orientales
358 192 374 207 in
386 191 457 207 eandem
470 192 571 208 sententiam
587 192 677 208 reduceret⁴

98 216 144 232 Nihil
152 217 169 232 in
177 217 244 233 decreto
254 217 276 233 de
286 216 380 233 mutatione
390 217 470 233 materiae
477 220 494 233 et
502 217 565 234 formae
573 218 666 234 invenimus
674 223 677 238 ς

97 242 138 258 nihil
149 243 195 263 quod
207 243 241 259 vim
253 243 363 264 legislativam
375 243 437 260 habere
448 243 528 260 videatur.
551 244 604 265 Atqui
616 244 630 260 si
640 244 677 265 quis

97 268 131 284 vim
139 268 249 289 legislatin
260 269 282 285 ad
294 269 404 285 mutationem
415 269 519 285 efficiendam
530 270 547 285 in
558 274 578 285 eo
586 270 678 290 agnoverit,

97 300 131 315 qua
139 295 207 311 tandem
216 295 280 311 ratione
288 295 331 311 hanc
337 295 359 311 ad
366 295 459 311 Ecclesiam
466 295 593 312 Occidentalem
601 298 677 317 spectare

98 321 170 341 probat?
193 321 225 337 Pro
232 321 312 337 Armenis
320 321 406 337 redactum
414 324 440 337 est
448 321 538 337 decretum.
559 322 598 338 Non
606 322 677 338 Armeni

97 347 119 362 acl
136 347 228 363 Ecclesiam
248 347 374 364 Occidentalem
393 347 481 368 pertinent.
504 347 556 363 Sacro
572 348 678 368 approbante

99 372 196 389 Florentino
208 373 283 389 Concilio
293 373 362 390 editum⁴
385 373 460 390 Concilio
472 374 581 390 interfuerunt
591 374 649 390 Graeci
660 376 677 390 et

99 398 154 415 Russi.
183 398 273 419 Quomodo
292 399 315 415 illi
331 399 365 415 vim
380 399 429 415 huius
444 399 506 415 decreti
521 400 620 415 evaserunt?
648 400 677 416 An

98 429 138 440 vero
148 425 261 441 ordinationes
272 425 373 441 Graecorum
384 427 401 441 et
413 425 510 444 Russemm,
518 425 553 441 sive
563 426 619 441 unitos
629 425 678 441 malis

98 455 127 466 seu
136 450 250 466 schismaticos
257 456 320 469 vocare,
326 451 342 466 vi
348 450 397 466 huius
405 451 467 466 decreti
475 451 492 466 in
500 450 564 466 irritum
571 450 678 471 rediguntur?

99 475 154 492 Absit.
178 476 223 496 Ergo
234 481 268 492 non
282 476 305 492 illi
318 477 340 492 ad
354 476 404 492 verba
415 476 477 492 decreti
490 476 567 497 ligantur.
590 476 635 497 Ergo
647 481 678 493 nec

99 502 132 518 alii.
155 502 244 518 Conclusio
255 502 348 518 certissima
361 507 383 518 ex
395 502 444 518 sactis
455 503 493 518 oriri
505 503 575 521 videtur,
586 503 632 523 quod
644 503 678 519 Eu-

99 528 158 549 genius
171 528 199 544 lV⁴
212 529 322 544 mutationem
334 528 397 544 formae
411 533 430 544 ac
442 529 521 544 materiae
535 529 634 544 sacramenti
648 533 679 549 pro

100 553 175 570 Ecclesia
191 554 300 573 Occidentali,
315 555 331 570 vi
346 559 386 570 suae
402 554 504 575 legislativae
519 555 612 575 potestatis,
625 560 679 575 neque

100 579 164 595 efficere
176 580 248 596 intendit
259 585 313 601 neque
324 580 383 596 effecit.

133 605 169 622 171.
192 605 237 626 Quid
246 606 296 627 igitur
301 606 346 622 valet
354 606 451 622 decretum?
465 606 493 622 Ad
502 606 534 622 hoc
541 606 575 622 duo
583 606 679 627 quaerenda

100 634 143 648 sunt.
168 633 186 648 1⁰.
201 632 262 648 Utrum
276 632 375 648 auctoritate
391 632 461 649 Concilii
477 632 568 648 Florentini
582 632 631 648 suerit
644 632 679 648 edi-

101 660 146 677 ωιτη
161 659 181 674 2⁶.
194 658 256 674 Utrum
269 658 348 674 Pontifex
361 658 443 674 eiusmodi
459 658 573 674 definitionem
589 658 628 674 fidei
642 663 679 678 pro-

101 684 180 704 mulgarit
190 689 241 705 quam
252 684 303 701 Cone.
315 684 417 700 Vaticanum
427 689 447 700 ex
455 689 488 700 sese
498 684 634 704 irreformabilem
643 689 680 700 esse

101 710 169 726 censuit

133 736 169 757 (1⁰)<
192 736 282 752 Decretum
293 742 303 752 a
314 737 390 753 Concilio
401 736 498 753 Florentino
506 737 570 753 editum
579 736 629 752 fuisse
636 736 680 752 affir-

102 764 137 778 mat
149 762 219 781 Dalbus,
227 765 277 783 negat
289 762 368 783 Gasparri
379 764 409 784 (op.
420 763 445 779 cit⁴
457 768 471 779 n.
485 763 537 783 1007).
560 762 641 779 Concedit
653 762 681 778 ille

102 788 189 809 plerosque
198 788 270 804 Graecos
280 794 289 805 e
300 789 375 805 Concilio
383 789 417 805 iam
428 789 492 810 pridem
503 789 607 808 discessisse3
618 788 680 804 multos

101 816 158 830 tamen
168 814 227 830 asserit
238 815 323 833 mansisse,
331 817 349 831 ut
360 815 409 831 rebus
419 815 535 831 conciliaribus
545 819 614 835 operam
625 814 681 830 adhuc

102 840 222 861 impenderent.
245 840 318 861 Quinam
334 846 373 856 vero
388 841 427 857 isti?
450 841 531 856 Manebat
547 840 639 859 Bessarion¹
651 840 680 860 qui

102 871 133 882 nec
144 869 200 887 partes
212 866 314 883 Graecorum
328 867 397 883 sedente
410 867 485 883 Concilio
498 867 564 887 agebat,
575 871 629 887 neque
643 866 681 881 illos

102 892 180 908 absentes
192 892 260 913 alligare
271 895 342 913 poterat,
353 898 384 908 nec
395 895 454 913 postea
466 892 546 908 Nicaeam
559 892 611 911 rediit,
622 892 651 908 sed
664 892 680 907 in

103 918 229 935 cardinalatum
243 922 330 939 promotus
343 924 381 935 cum
395 919 471 935 Ecclesia
485 919 563 934 Romana
577 919 650 939 seipsum
664 918 681 933 in

103 947 188 965 posterum
204 945 309 961 consociavit.
333 945 413 961 Manebat
426 944 500 961 Isidorus
513 945 610 963 Russianus,
622 944 650 964 qui
664 946 681 960 et

103 971 139 991 ipse
150 970 243 987 Cardinalis
253 973 322 990 creatus,
331 973 421 992 postquam
432 971 448 986 in
460 970 538 986 Russiam
547 970 622 989 redierat,
629 975 639 985 a
647 969 682 985 suis

103 997 147 1012 adeo
162 999 227 1017 spretus
244 999 261 1013 et
279 997 349 1012 reiectus
364 996 395 1012 fuit
410 998 429 1012 ut
444 996 527 1015 unionem,
541 1001 592 1017 quarn
607 995 683 1016 optabat,

103 1022 150 1038 nullo
160 1024 210 1043 pacto
220 1022 284 1038 efficere
294 1025 355 1043 posset.
363 1022 432 1038 tandem
440 1027 449 1038 e
460 1022 566 1041 monasterio,
573 1026 607 1042 quo
617 1026 682 1037 earcere

103 1048 196 1067 tenebatur,
208 1048 280 1064 Romam
292 1048 378 1069 resugeret.
401 1048 430 1064 Ab
440 1048 476 1064 istis
487 1047 581 1064 oratoribus
592 1052 682 1063 consensus

104 1073 215 1090 Orientalium
230 1074 260 1090 vix
277 1074 317 1089 satis
332 1073 414 1094 perhiberi
430 1074 488 1094 potuit
512 1072 610 1092 Concilium,
625 1074 644 1088 ut
659 1072 682 1088 ita

104 1099 184 1118 dicamus,
204 1100 237 1115 iarn
257 1099 352 1116 absolutum
371 1102 411 1116 erat.
442 1099 516 1120 Ideoque
535 1104 573 1115 cum
593 1098 683 1119 Gasparrio

148 1133 163 1146 ι.
630 1129 640 1145 8
