<?xml version="1.0" encoding="UTF-8"?>
<!DOCTYPE html PUBLIC "-//W3C//DTD XHTML 1.0 Transitional//EN"
    "http://www.w3.org/TR/xhtml1/DTD/xhtml1-transitional.dtd">
<html xmlns="http://www.w3.org/1999/xhtml" xml:lang="en" lang="en">
 <head>
  <title>
</title>
<meta http-equiv="Content-Type" content="text/html;charset=utf-8" />
  <meta name='ocr-system' content='tesseract 3.04.00' />
  <meta name='ocr-capabilities' content='ocr_page ocr_carea ocr_par ocr_line ocrx_word'/>
</head>
<body>
  <div class='ocr_page' id='page_1' title='image "./dehierarchiaang00lacegoog_0104.png"; bbox 0 0 794 1248; ppageno 0'>
   <div class='ocr_carea' id='block_1_1' title="bbox 227 95 681 113">
    <p class='ocr_par' dir='ltr' id='par_1_1' title="bbox 227 95 681 113">
     <span class='ocr_line' id='line_1_1' title="bbox 227 95 681 113; baseline 0 -4"><span class='ocrx_word' id='word_1_1' title='bbox 227 96 253 109; x_wconf 79' lang='lat' dir='ltr'>DE</span> <span class='ocrx_word' id='word_1_2' title='bbox 264 96 330 109; x_wconf 77' lang='lat' dir='ltr'>FORMA</span> <span class='ocrx_word' id='word_1_3' title='bbox 342 96 363 109; x_wconf 76' lang='lat' dir='ltr'>m</span> <span class='ocrx_word' id='word_1_4' title='bbox 375 95 473 109; x_wconf 74' lang='lat' dir='ltr'>ORArmNE</span> <span class='ocrx_word' id='word_1_5' title='bbox 485 96 555 109; x_wconf 68' lang='grc' dir='ltr'>ΡΟΞῘΊἎ4</span> <span class='ocrx_word' id='word_1_6' title='bbox 658 96 681 113; x_wconf 86' lang='grc'>79</span> 
     </span>
    </p>
   </div>
   <div class='ocr_carea' id='block_1_2' title="bbox 99 135 684 964">
    <p class='ocr_par' dir='ltr' id='par_1_2' title="bbox 99 135 682 625">
     <span class='ocr_line' id='line_1_2' title="bbox 99 135 679 157; baseline -0.002 -5"><span class='ocrx_word' id='word_1_7' title='bbox 99 136 140 152; x_wconf 91' lang='lat' dir='ltr'>dum</span> <span class='ocrx_word' id='word_1_8' title='bbox 148 136 306 152; x_wconf 83' lang='lat' dir='ltr'>determinabantur.</span> <span class='ocrx_word' id='word_1_9' title='bbox 329 136 390 152; x_wconf 77' lang='lat' dir='ltr'>Postea</span> <span class='ocrx_word' id='word_1_10' title='bbox 397 140 437 151; x_wconf 84' lang='lat' dir='ltr'>vero</span> <span class='ocrx_word' id='word_1_11' title='bbox 445 140 495 157; x_wconf 89' lang='lat' dir='ltr'>quam</span> <span class='ocrx_word' id='word_1_12' title='bbox 506 135 591 157; x_wconf 72' lang='lat' dir='ltr'>impositio</span> <span class='ocrx_word' id='word_1_13' title='bbox 599 140 679 152; x_wconf 89' lang='lat' dir='ltr'>manuum</span> 
     </span>
     <span class='ocr_line' id='line_1_3' title="bbox 100 161 680 182; baseline -0.002 -4"><span class='ocrx_word' id='word_1_14' title='bbox 100 162 122 178; x_wconf 90' lang='lat' dir='ltr'>ab</span> <span class='ocrx_word' id='word_1_15' title='bbox 132 162 164 178; x_wconf 86' lang='lat' dir='ltr'>hac</span> <span class='ocrx_word' id='word_1_16' title='bbox 171 162 247 178; x_wconf 86' lang='lat' dir='ltr'>oratione</span> <span class='ocrx_word' id='word_1_17' title='bbox 255 162 293 177; x_wconf 84' lang='lat' dir='ltr'>loco</span> <span class='ocrx_word' id='word_1_18' title='bbox 303 163 380 182; x_wconf 80' lang='lat' dir='ltr'>separata</span> <span class='ocrx_word' id='word_1_19' title='bbox 388 163 439 182; x_wconf 83' lang='lat' dir='ltr'>atque</span> <span class='ocrx_word' id='word_1_20' title='bbox 449 161 471 177; x_wconf 93' lang='lat' dir='ltr'>ad</span> <span class='ocrx_word' id='word_1_21' title='bbox 482 161 553 177; x_wconf 80' lang='lat' dir='ltr'>sormam</span> <span class='ocrx_word' id='word_1_22' title='bbox 564 161 680 182; x_wconf 83' lang='lat' dir='ltr'>imperativam</span> 
     </span>
     <span class='ocr_line' id='line_1_4' title="bbox 100 187 680 209; baseline -0.002 -5"><span class='ocrx_word' id='word_1_23' title='bbox 100 188 152 204; x_wconf 87' lang='lat' dir='ltr'>relata</span> <span class='ocrx_word' id='word_1_24' title='bbox 160 188 213 207; x_wconf 79' lang='lat' dir='ltr'>suerit,</span> <span class='ocrx_word' id='word_1_25' title='bbox 221 188 261 209; x_wconf 89' lang='lat' dir='ltr'>quid</span> <span class='ocrx_word' id='word_1_26' title='bbox 270 188 286 204; x_wconf 94' lang='lat' dir='ltr'>in</span> <span class='ocrx_word' id='word_1_27' title='bbox 294 188 325 204; x_wconf 87' lang='lat' dir='ltr'>hac</span> <span class='ocrx_word' id='word_1_28' title='bbox 333 193 351 203; x_wconf 88' lang='lat' dir='ltr'>re</span> <span class='ocrx_word' id='word_1_29' title='bbox 359 188 430 204; x_wconf 74' lang='lat' dir='ltr'>mutatio</span> <span class='ocrx_word' id='word_1_30' title='bbox 438 187 504 204; x_wconf 76' lang='lat' dir='ltr'>effecit?</span> <span class='ocrx_word' id='word_1_31' title='bbox 523 188 569 204; x_wconf 88' lang='lat' dir='ltr'>Num</span> <span class='ocrx_word' id='word_1_32' title='bbox 577 188 680 204; x_wconf 79' lang='lat' dir='ltr'>credendum</span> 
     </span>
     <span class='ocr_line' id='line_1_5' title="bbox 99 213 680 234; baseline -0.002 -4"><span class='ocrx_word' id='word_1_33' title='bbox 99 216 125 230; x_wconf 85' lang='lat' dir='ltr'>est</span> <span class='ocrx_word' id='word_1_34' title='bbox 137 214 229 230; x_wconf 74' lang='lat' dir='ltr'>Ecclesiam</span> <span class='ocrx_word' id='word_1_35' title='bbox 239 213 311 230; x_wconf 78' lang='lat' dir='ltr'>orationi</span> <span class='ocrx_word' id='word_1_36' title='bbox 321 214 355 229; x_wconf 85' lang='lat' dir='ltr'>vim</span> <span class='ocrx_word' id='word_1_37' title='bbox 365 213 496 230; x_wconf 81' lang='lat' dir='ltr'>consecrativam</span> <span class='ocrx_word' id='word_1_38' title='bbox 508 218 575 234; x_wconf 80' lang='lat' dir='ltr'>prorsus</span> <span class='ocrx_word' id='word_1_39' title='bbox 585 213 680 230; x_wconf 74' lang='lat' dir='ltr'>ademisse?</span> 
     </span>
     <span class='ocr_line' id='line_1_6' title="bbox 100 239 680 261; baseline -0.002 -5"><span class='ocrx_word' id='word_1_40' title='bbox 100 240 179 261; x_wconf 83' lang='lat' dir='ltr'>Gasparri</span> <span class='ocrx_word' id='word_1_41' title='bbox 193 241 223 260; x_wconf 72' lang='lat' dir='ltr'>(op,</span> <span class='ocrx_word' id='word_1_42' title='bbox 237 239 262 255; x_wconf 77' lang='lat' dir='ltr'>cit.</span> <span class='ocrx_word' id='word_1_43' title='bbox 276 245 291 256; x_wconf 84' lang='lat' dir='ltr'>n.</span> <span class='ocrx_word' id='word_1_44' title='bbox 308 239 356 260; x_wconf 82' lang='lat'>1109)</span> <span class='ocrx_word' id='word_1_45' title='bbox 371 242 446 260; x_wconf 84' lang='lat' dir='ltr'>negatur,</span> <span class='ocrx_word' id='word_1_46' title='bbox 462 241 479 255; x_wconf 86' lang='lat' dir='ltr'>et</span> <span class='ocrx_word' id='word_1_47' title='bbox 494 241 543 260; x_wconf 85' lang='lat' dir='ltr'>putat</span> <span class='ocrx_word' id='word_1_48' title='bbox 558 240 575 255; x_wconf 90' lang='lat' dir='ltr'>in</span> <span class='ocrx_word' id='word_1_49' title='bbox 590 239 680 260; x_wconf 76' lang='lat' dir='ltr'>hypothesi</span> 
     </span>
     <span class='ocr_line' id='line_1_7' title="bbox 100 265 679 287; baseline -0.002 -5"><span class='ocrx_word' id='word_1_50' title='bbox 100 266 211 287; x_wconf 77' lang='lat' dir='ltr'>impositionis</span> <span class='ocrx_word' id='word_1_51' title='bbox 221 271 302 282; x_wconf 87' lang='lat' dir='ltr'>manuum</span> <span class='ocrx_word' id='word_1_52' title='bbox 312 271 351 282; x_wconf 83' lang='lat' dir='ltr'>cum</span> <span class='ocrx_word' id='word_1_53' title='bbox 362 266 394 282; x_wconf 79' lang='lat' dir='ltr'>hae</span> <span class='ocrx_word' id='word_1_54' title='bbox 404 265 439 282; x_wconf 85' lang='lat' dir='ltr'>sola</span> <span class='ocrx_word' id='word_1_55' title='bbox 451 266 526 282; x_wconf 74' lang='lat' dir='ltr'>oratione</span> <span class='ocrx_word' id='word_1_56' title='bbox 537 265 679 282; x_wconf 70' lang='lat' dir='ltr'>consecrationem</span> 
     </span>
     <span class='ocr_line' id='line_1_8' title="bbox 100 291 680 313; baseline -0.002 -5"><span class='ocrx_word' id='word_1_57' title='bbox 100 292 160 311; x_wconf 81' lang='lat' dir='ltr'>valere,</span> <span class='ocrx_word' id='word_1_58' title='bbox 173 292 216 308; x_wconf 80' lang='lat' dir='ltr'>sicut</span> <span class='ocrx_word' id='word_1_59' title='bbox 229 292 246 307; x_wconf 89' lang='lat' dir='ltr'>in</span> <span class='ocrx_word' id='word_1_60' title='bbox 260 292 330 312; x_wconf 82' lang='lat' dir='ltr'>antiquo</span> <span class='ocrx_word' id='word_1_61' title='bbox 344 292 376 307; x_wconf 85' lang='lat' dir='ltr'>ritu</span> <span class='ocrx_word' id='word_1_62' title='bbox 389 291 461 308; x_wconf 84' lang='lat' dir='ltr'>valebat.</span> <span class='ocrx_word' id='word_1_63' title='bbox 485 291 598 313; x_wconf 80' lang='lat' dir='ltr'>Hypothesim</span> <span class='ocrx_word' id='word_1_64' title='bbox 614 293 680 307; x_wconf 85' lang='lat' dir='ltr'>tantum</span> 
     </span>
     <span class='ocr_line' id='line_1_9' title="bbox 100 317 680 339; baseline 0 -6"><span class='ocrx_word' id='word_1_65' title='bbox 100 318 153 339; x_wconf 86' lang='lat' dir='ltr'>ponit,</span> <span class='ocrx_word' id='word_1_66' title='bbox 164 323 195 333; x_wconf 82' lang='lat' dir='ltr'>nec</span> <span class='ocrx_word' id='word_1_67' title='bbox 208 317 256 333; x_wconf 86' lang='lat' dir='ltr'>nobis</span> <span class='ocrx_word' id='word_1_68' title='bbox 270 317 310 333; x_wconf 85' lang='lat' dir='ltr'>satis</span> <span class='ocrx_word' id='word_1_69' title='bbox 323 317 430 338; x_wconf 84' lang='lat' dir='ltr'>exploratum</span> <span class='ocrx_word' id='word_1_70' title='bbox 442 320 468 333; x_wconf 85' lang='lat' dir='ltr'>est</span> <span class='ocrx_word' id='word_1_71' title='bbox 479 320 535 333; x_wconf 86' lang='lat' dir='ltr'>utrum</span> <span class='ocrx_word' id='word_1_72' title='bbox 548 318 564 333; x_wconf 88' lang='lat' dir='ltr'>in</span> <span class='ocrx_word' id='word_1_73' title='bbox 576 322 615 333; x_wconf 88' lang='lat' dir='ltr'>casu</span> <span class='ocrx_word' id='word_1_74' title='bbox 626 317 680 338; x_wconf 87' lang='lat' dir='ltr'>hypo-</span> 
     </span>
     <span class='ocr_line' id='line_1_10' title="bbox 100 343 681 364; baseline -0.002 -4"><span class='ocrx_word' id='word_1_75' title='bbox 100 344 163 360; x_wconf 82' lang='lat' dir='ltr'>thetico</span> <span class='ocrx_word' id='word_1_76' title='bbox 180 346 238 360; x_wconf 78' lang='lat' dir='ltr'>auctor</span> <span class='ocrx_word' id='word_1_77' title='bbox 252 343 358 360; x_wconf 81' lang='lat' dir='ltr'>doctissimus</span> <span class='ocrx_word' id='word_1_78' title='bbox 373 344 497 364; x_wconf 82' lang='lat' dir='ltr'>impositionem</span> <span class='ocrx_word' id='word_1_79' title='bbox 513 348 593 359; x_wconf 86' lang='lat' dir='ltr'>manuum</span> <span class='ocrx_word' id='word_1_80' title='bbox 609 343 626 359; x_wconf 89' lang='lat' dir='ltr'>in</span> <span class='ocrx_word' id='word_1_81' title='bbox 644 343 681 364; x_wconf 74' lang='lat' dir='ltr'>ipsa</span> 
     </span>
     <span class='ocr_line' id='line_1_11' title="bbox 100 368 680 391; baseline -0.002 -6"><span class='ocrx_word' id='word_1_82' title='bbox 100 369 194 391; x_wconf 80' lang='lat' dir='ltr'>prolatione</span> <span class='ocrx_word' id='word_1_83' title='bbox 204 369 292 385; x_wconf 84' lang='lat' dir='ltr'>verborum</span> <span class='ocrx_word' id='word_1_84' title='bbox 303 369 377 385; x_wconf 73' lang='lat' dir='ltr'>adhiberi</span> <span class='ocrx_word' id='word_1_85' title='bbox 385 369 429 385; x_wconf 88' lang='lat' dir='ltr'>velit.</span> <span class='ocrx_word' id='word_1_86' title='bbox 453 369 540 385; x_wconf 78' lang='lat' dir='ltr'>Credimus</span> <span class='ocrx_word' id='word_1_87' title='bbox 551 374 589 385; x_wconf 92' lang='lat' dir='ltr'>eum</span> <span class='ocrx_word' id='word_1_88' title='bbox 600 369 624 385; x_wconf 77' lang='lat' dir='ltr'>ita</span> <span class='ocrx_word' id='word_1_89' title='bbox 634 368 680 384; x_wconf 83' lang='lat' dir='ltr'>volu-</span> 
     </span>
     <span class='ocr_line' id='line_1_12' title="bbox 101 395 681 416; baseline -0.002 -4"><span class='ocrx_word' id='word_1_90' title='bbox 101 396 138 412; x_wconf 82' lang='lat' dir='ltr'>isse.</span> <span class='ocrx_word' id='word_1_91' title='bbox 161 396 212 412; x_wconf 87' lang='lat' dir='ltr'>Unde</span> <span class='ocrx_word' id='word_1_92' title='bbox 223 398 292 416; x_wconf 84' lang='lat' dir='ltr'>apparet</span> <span class='ocrx_word' id='word_1_93' title='bbox 304 401 358 416; x_wconf 84' lang='lat' dir='ltr'>neque</span> <span class='ocrx_word' id='word_1_94' title='bbox 370 395 416 411; x_wconf 89' lang='lat' dir='ltr'>illum</span> <span class='ocrx_word' id='word_1_95' title='bbox 428 395 467 411; x_wconf 80' lang='lat' dir='ltr'>huic</span> <span class='ocrx_word' id='word_1_96' title='bbox 478 396 554 415; x_wconf 83' lang='lat' dir='ltr'>orationi,</span> <span class='ocrx_word' id='word_1_97' title='bbox 565 400 603 411; x_wconf 85' lang='lat' dir='ltr'>cum</span> <span class='ocrx_word' id='word_1_98' title='bbox 618 395 681 416; x_wconf 78' lang='lat' dir='ltr'>absque</span> 
     </span>
     <span class='ocr_line' id='line_1_13' title="bbox 101 421 680 443; baseline -0.002 -6"><span class='ocrx_word' id='word_1_99' title='bbox 101 422 208 443; x_wconf 82' lang='lat' dir='ltr'>impositione</span> <span class='ocrx_word' id='word_1_100' title='bbox 222 426 301 437; x_wconf 86' lang='lat' dir='ltr'>manuum</span> <span class='ocrx_word' id='word_1_101' title='bbox 315 424 353 437; x_wconf 90' lang='lat' dir='ltr'>actu</span> <span class='ocrx_word' id='word_1_102' title='bbox 367 421 487 442; x_wconf 80' lang='lat' dir='ltr'>pronuntietur,</span> <span class='ocrx_word' id='word_1_103' title='bbox 500 421 534 437; x_wconf 88' lang='lat' dir='ltr'>vim</span> <span class='ocrx_word' id='word_1_104' title='bbox 549 421 680 437; x_wconf 80' lang='lat' dir='ltr'>consecrativam</span> 
     </span>
     <span class='ocr_line' id='line_1_14' title="bbox 101 446 682 468; baseline -0.003 -4"><span class='ocrx_word' id='word_1_105' title='bbox 101 448 205 464; x_wconf 51' lang='lat' dir='ltr'>attribuere&amp;</span> <span class='ocrx_word' id='word_1_106' title='bbox 229 448 294 467; x_wconf 83' lang='lat' dir='ltr'>Forma,</span> <span class='ocrx_word' id='word_1_107' title='bbox 308 453 358 468; x_wconf 87' lang='lat' dir='ltr'>quarn</span> <span class='ocrx_word' id='word_1_108' title='bbox 372 447 412 463; x_wconf 86' lang='lat' dir='ltr'>olim</span> <span class='ocrx_word' id='word_1_109' title='bbox 427 447 502 464; x_wconf 80' lang='lat' dir='ltr'>Ecclesia</span> <span class='ocrx_word' id='word_1_110' title='bbox 515 447 621 463; x_wconf 79' lang='lat' dir='ltr'>essentialem</span> <span class='ocrx_word' id='word_1_111' title='bbox 634 446 682 463; x_wconf 58' lang='lat' dir='ltr'>adm&gt;</span> 
     </span>
     <span class='ocr_line' id='line_1_15' title="bbox 101 474 682 495; baseline -0.002 -5"><span class='ocrx_word' id='word_1_112' title='bbox 101 474 157 493; x_wconf 80' lang='lat' dir='ltr'>bebat,</span> <span class='ocrx_word' id='word_1_113' title='bbox 170 474 194 490; x_wconf 82' lang='lat' dir='ltr'>ita</span> <span class='ocrx_word' id='word_1_114' title='bbox 207 474 281 495; x_wconf 84' lang='lat' dir='ltr'>vigorem</span> <span class='ocrx_word' id='word_1_115' title='bbox 295 474 375 490; x_wconf 78' lang='lat' dir='ltr'>latentem</span> <span class='ocrx_word' id='word_1_116' title='bbox 391 474 464 490; x_wconf 86' lang='lat' dir='ltr'>creditur</span> <span class='ocrx_word' id='word_1_117' title='bbox 479 474 570 493; x_wconf 83' lang='lat' dir='ltr'>retinuisse,</span> <span class='ocrx_word' id='word_1_118' title='bbox 583 476 602 489; x_wconf 81' lang='lat' dir='ltr'>ut</span> <span class='ocrx_word' id='word_1_119' title='bbox 617 479 627 489; x_wconf 92' lang='lat' dir='ltr'>a</span> <span class='ocrx_word' id='word_1_120' title='bbox 642 478 682 489; x_wconf 84' lang='lat' dir='ltr'>vero</span> 
     </span>
     <span class='ocr_line' id='line_1_16' title="bbox 102 499 682 521; baseline -0.002 -5"><span class='ocrx_word' id='word_1_121' title='bbox 102 500 185 521; x_wconf 78' lang='lat' dir='ltr'>episcopo,</span> <span class='ocrx_word' id='word_1_122' title='bbox 200 500 277 520; x_wconf 83' lang='lat' dir='ltr'>quamvis</span> <span class='ocrx_word' id='word_1_123' title='bbox 295 500 362 520; x_wconf 84' lang='lat' dir='ltr'>proprio</span> <span class='ocrx_word' id='word_1_124' title='bbox 378 499 469 516; x_wconf 77' lang='lat' dir='ltr'>dumtaxat</span> <span class='ocrx_word' id='word_1_125' title='bbox 487 502 540 519; x_wconf 84' lang='lat' dir='ltr'>motu,</span> <span class='ocrx_word' id='word_1_126' title='bbox 554 504 592 515; x_wconf 89' lang='lat' dir='ltr'>cum</span> <span class='ocrx_word' id='word_1_127' title='bbox 612 499 682 515; x_wconf 81' lang='lat' dir='ltr'>materia</span> 
     </span>
     <span class='ocr_line' id='line_1_17' title="bbox 102 525 682 546; baseline 0 -5"><span class='ocrx_word' id='word_1_128' title='bbox 102 525 194 542; x_wconf 80' lang='lat' dir='ltr'>necessaria</span> <span class='ocrx_word' id='word_1_129' title='bbox 210 525 275 546; x_wconf 82' lang='lat' dir='ltr'>prolata</span> <span class='ocrx_word' id='word_1_130' title='bbox 290 525 312 541; x_wconf 88' lang='lat' dir='ltr'>ad</span> <span class='ocrx_word' id='word_1_131' title='bbox 327 525 393 541; x_wconf 80' lang='lat' dir='ltr'>ordines</span> <span class='ocrx_word' id='word_1_132' title='bbox 409 525 519 542; x_wconf 75' lang='lat' dir='ltr'>conferendos</span> <span class='ocrx_word' id='word_1_133' title='bbox 533 525 588 541; x_wconf 87' lang='lat' dir='ltr'>valere</span> <span class='ocrx_word' id='word_1_134' title='bbox 601 525 682 541; x_wconf 81' lang='lat' dir='ltr'>videatur.</span> 
     </span>
     <span class='ocr_line' id='line_1_18' title="bbox 102 551 682 568; baseline 0 -1"><span class='ocrx_word' id='word_1_135' title='bbox 102 552 139 568; x_wconf 87' lang='lat' dir='ltr'>Nec</span> <span class='ocrx_word' id='word_1_136' title='bbox 156 554 213 568; x_wconf 82' lang='lat' dir='ltr'>tamen</span> <span class='ocrx_word' id='word_1_137' title='bbox 230 551 301 567; x_wconf 86' lang='lat' dir='ltr'>eandem</span> <span class='ocrx_word' id='word_1_138' title='bbox 319 551 389 567; x_wconf 82' lang='lat' dir='ltr'>formam</span> <span class='ocrx_word' id='word_1_139' title='bbox 406 552 428 568; x_wconf 89' lang='lat' dir='ltr'>ab</span> <span class='ocrx_word' id='word_1_140' title='bbox 446 552 529 568; x_wconf 79' lang='lat' dir='ltr'>essentiali</span> <span class='ocrx_word' id='word_1_141' title='bbox 546 552 616 568; x_wconf 80' lang='lat' dir='ltr'>materia</span> <span class='ocrx_word' id='word_1_142' title='bbox 633 552 682 567; x_wconf 77' lang='lat' dir='ltr'>iuxta</span> 
     </span>
     <span class='ocr_line' id='line_1_19' title="bbox 102 578 682 600; baseline 0 -6"><span class='ocrx_word' id='word_1_143' title='bbox 102 583 151 594; x_wconf 88' lang='lat' dir='ltr'>usum</span> <span class='ocrx_word' id='word_1_144' title='bbox 160 578 245 594; x_wconf 78' lang='lat' dir='ltr'>Ecclesiae</span> <span class='ocrx_word' id='word_1_145' title='bbox 255 578 362 594; x_wconf 75' lang='lat' dir='ltr'>dissociatam</span> <span class='ocrx_word' id='word_1_146' title='bbox 373 578 436 598; x_wconf 84' lang='lat' dir='ltr'>aliquid</span> <span class='ocrx_word' id='word_1_147' title='bbox 444 578 461 594; x_wconf 93' lang='lat' dir='ltr'>in</span> <span class='ocrx_word' id='word_1_148' title='bbox 470 578 501 594; x_wconf 83' lang='lat' dir='ltr'>hac</span> <span class='ocrx_word' id='word_1_149' title='bbox 509 580 556 600; x_wconf 80' lang='lat' dir='ltr'>parte</span> <span class='ocrx_word' id='word_1_150' title='bbox 564 578 627 599; x_wconf 81' lang='lat' dir='ltr'>pollere</span> <span class='ocrx_word' id='word_1_151' title='bbox 634 578 682 594; x_wconf 83' lang='lat' dir='ltr'>facile</span> 
     </span>
     <span class='ocr_line' id='line_1_20' title="bbox 102 606 185 625; baseline -0.012 -5"><span class='ocrx_word' id='word_1_152' title='bbox 102 606 185 625; x_wconf 82' lang='lat' dir='ltr'>putamus.</span> 
     </span>
    </p>

    <p class='ocr_par' dir='ltr' id='par_1_3' title="bbox 102 630 684 964">
     <span class='ocr_line' id='line_1_21' title="bbox 136 630 682 651; baseline 0 -4"><span class='ocrx_word' id='word_1_153' title='bbox 136 630 171 647; x_wconf 71' lang='lat'><strong>11⁹.</strong></span> <span class='ocrx_word' id='word_1_154' title='bbox 194 630 278 651; x_wconf 85' lang='lat' dir='ltr'>Quicquid</span> <span class='ocrx_word' id='word_1_155' title='bbox 289 630 310 646; x_wconf 91' lang='lat' dir='ltr'>de</span> <span class='ocrx_word' id='word_1_156' title='bbox 321 630 346 646; x_wconf 85' lang='lat' dir='ltr'>his</span> <span class='ocrx_word' id='word_1_157' title='bbox 355 630 404 646; x_wconf 89' lang='lat' dir='ltr'>rebus</span> <span class='ocrx_word' id='word_1_158' title='bbox 414 631 520 647; x_wconf 87' lang='lat' dir='ltr'>sentiendum</span> <span class='ocrx_word' id='word_1_159' title='bbox 531 631 557 650; x_wconf 78' lang='lat' dir='ltr'>sit.</span> <span class='ocrx_word' id='word_1_160' title='bbox 565 631 631 647; x_wconf 83' lang='lat' dir='ltr'>videtur</span> <span class='ocrx_word' id='word_1_161' title='bbox 640 630 682 647; x_wconf 84' lang='lat' dir='ltr'>haec</span> 
     </span>
     <span class='ocr_line' id='line_1_22' title="bbox 102 656 682 678; baseline 0.002 -6"><span class='ocrx_word' id='word_1_162' title='bbox 102 657 156 673; x_wconf 83' lang='lat' dir='ltr'>oratio</span> <span class='ocrx_word' id='word_1_163' title='bbox 167 657 222 673; x_wconf 79' lang='lat' dir='ltr'>locum</span> <span class='ocrx_word' id='word_1_164' title='bbox 236 657 252 672; x_wconf 90' lang='lat' dir='ltr'>in</span> <span class='ocrx_word' id='word_1_165' title='bbox 266 656 347 673; x_wconf 85' lang='lat' dir='ltr'>hodierno</span> <span class='ocrx_word' id='word_1_166' title='bbox 361 656 453 673; x_wconf 82' lang='lat' dir='ltr'>Pontificali</span> <span class='ocrx_word' id='word_1_167' title='bbox 466 657 546 673; x_wconf 83' lang='lat' dir='ltr'>incertum</span> <span class='ocrx_word' id='word_1_168' title='bbox 558 662 578 673; x_wconf 88' lang='lat' dir='ltr'>ac</span> <span class='ocrx_word' id='word_1_169' title='bbox 589 657 682 678; x_wconf 83' lang='lat' dir='ltr'>precarium</span> 
     </span>
     <span class='ocr_line' id='line_1_23' title="bbox 102 682 682 704; baseline 0.002 -6"><span class='ocrx_word' id='word_1_170' title='bbox 102 682 168 699; x_wconf 78' lang='lat' dir='ltr'>habere.</span> <span class='ocrx_word' id='word_1_171' title='bbox 199 683 246 699; x_wconf 82' lang='lat' dir='ltr'>Idem</span> <span class='ocrx_word' id='word_1_172' title='bbox 265 683 287 698; x_wconf 85' lang='lat' dir='ltr'>de</span> <span class='ocrx_word' id='word_1_173' title='bbox 306 682 432 699; x_wconf 84' lang='lat' dir='ltr'>Pontificalibus</span> <span class='ocrx_word' id='word_1_174' title='bbox 450 683 467 699; x_wconf 92' lang='lat' dir='ltr'>in</span> <span class='ocrx_word' id='word_1_175' title='bbox 482 683 546 704; x_wconf 84' lang='lat' dir='ltr'>Anglia</span> <span class='ocrx_word' id='word_1_176' title='bbox 561 683 601 699; x_wconf 83' lang='lat' dir='ltr'>olim</span> <span class='ocrx_word' id='word_1_177' title='bbox 616 683 682 699; x_wconf 84' lang='lat' dir='ltr'>usitatis</span> 
     </span>
     <span class='ocr_line' id='line_1_24' title="bbox 103 708 682 730; baseline 0 -6"><span class='ocrx_word' id='word_1_178' title='bbox 103 708 192 725; x_wconf 79' lang='lat' dir='ltr'>dicendum</span> <span class='ocrx_word' id='word_1_179' title='bbox 207 711 237 724; x_wconf 71' lang='lat' dir='ltr'>est</span> <span class='ocrx_word' id='word_1_180' title='bbox 267 708 307 724; x_wconf 90' lang='lat' dir='ltr'>Vim</span> <span class='ocrx_word' id='word_1_181' title='bbox 326 709 457 725; x_wconf 80' lang='lat' dir='ltr'>consecrativam</span> <span class='ocrx_word' id='word_1_182' title='bbox 476 714 526 730; x_wconf 82' lang='lat' dir='ltr'>aegre</span> <span class='ocrx_word' id='word_1_183' title='bbox 541 709 609 725; x_wconf 79' lang='lat' dir='ltr'>retinuit</span> <span class='ocrx_word' id='word_1_184' title='bbox 624 709 682 725; x_wconf 82' lang='lat' dir='ltr'>oratio.</span> 
     </span>
     <span class='ocr_line' id='line_1_25' title="bbox 103 734 683 751; baseline 0 -1"><span class='ocrx_word' id='word_1_185' title='bbox 103 734 178 750; x_wconf 77' lang='lat' dir='ltr'>Intentio</span> <span class='ocrx_word' id='word_1_186' title='bbox 189 734 296 750; x_wconf 74' lang='lat' dir='ltr'>consecrandi</span> <span class='ocrx_word' id='word_1_187' title='bbox 308 736 345 750; x_wconf 78' lang='lat' dir='ltr'>tota</span> <span class='ocrx_word' id='word_1_188' title='bbox 356 734 377 750; x_wconf 89' lang='lat' dir='ltr'>ad</span> <span class='ocrx_word' id='word_1_189' title='bbox 389 734 460 750; x_wconf 85' lang='lat' dir='ltr'>formam</span> <span class='ocrx_word' id='word_1_190' title='bbox 473 735 581 751; x_wconf 84' lang='lat' dir='ltr'>recentiorem</span> <span class='ocrx_word' id='word_1_191' title='bbox 593 737 631 751; x_wconf 77' lang='lat' dir='ltr'>actu</span> <span class='ocrx_word' id='word_1_192' title='bbox 643 740 683 751; x_wconf 84' lang='lat' dir='ltr'>con-</span> 
     </span>
     <span class='ocr_line' id='line_1_26' title="bbox 102 760 682 781; baseline 0 -5"><span class='ocrx_word' id='word_1_193' title='bbox 102 765 150 776; x_wconf 85' lang='lat' dir='ltr'>versa</span> <span class='ocrx_word' id='word_1_194' title='bbox 158 763 188 780; x_wconf 83' lang='lat' dir='ltr'>est,</span> <span class='ocrx_word' id='word_1_195' title='bbox 195 765 246 781; x_wconf 84' lang='lat' dir='ltr'>quam</span> <span class='ocrx_word' id='word_1_196' title='bbox 254 760 309 776; x_wconf 87' lang='lat' dir='ltr'>verbis</span> <span class='ocrx_word' id='word_1_197' title='bbox 317 760 419 781; x_wconf 72' lang='lat' dir='ltr'>imperativis</span> <span class='ocrx_word' id='word_1_198' title='bbox 429 761 450 777; x_wconf 81' lang='lat' dir='ltr'>ad</span> <span class='ocrx_word' id='word_1_199' title='bbox 459 760 580 777; x_wconf 80' lang='lat' dir='ltr'>conficiendum</span> <span class='ocrx_word' id='word_1_200' title='bbox 589 766 682 777; x_wconf 83' lang='lat' dir='ltr'>sacramen-</span> 
     </span>
     <span class='ocr_line' id='line_1_27' title="bbox 103 785 683 807; baseline 0.002 -5"><span class='ocrx_word' id='word_1_201' title='bbox 103 788 140 802; x_wconf 81' lang='lat' dir='ltr'>tum</span> <span class='ocrx_word' id='word_1_202' title='bbox 150 786 208 807; x_wconf 84' lang='lat' dir='ltr'>praxis</span> <span class='ocrx_word' id='word_1_203' title='bbox 219 785 304 802; x_wconf 55' lang='lat' dir='ltr'>Ecclesiae</span> <span class='ocrx_word' id='word_1_204' title='bbox 314 786 459 802; x_wconf 60' lang='lat' dir='ltr'>determinaverat</span> <span class='ocrx_word' id='word_1_205' title='bbox 482 786 530 802; x_wconf 85' lang='lat' dir='ltr'>Haec</span> <span class='ocrx_word' id='word_1_206' title='bbox 538 786 631 802; x_wconf 83' lang='lat' dir='ltr'>essentialis</span> <span class='ocrx_word' id='word_1_207' title='bbox 638 789 683 806; x_wconf 78' lang='lat' dir='ltr'>erat3</span> 
     </span>
     <span class='ocr_line' id='line_1_28' title="bbox 103 812 683 834; baseline 0.002 -6"><span class='ocrx_word' id='word_1_208' title='bbox 103 812 132 828; x_wconf 87' lang='lat' dir='ltr'>illa</span> <span class='ocrx_word' id='word_1_209' title='bbox 144 817 184 828; x_wconf 88' lang='lat' dir='ltr'>vero</span> <span class='ocrx_word' id='word_1_210' title='bbox 197 817 230 828; x_wconf 89' lang='lat' dir='ltr'>non</span> <span class='ocrx_word' id='word_1_211' title='bbox 244 812 276 828; x_wconf 87' lang='lat' dir='ltr'>nisi</span> <span class='ocrx_word' id='word_1_212' title='bbox 289 812 330 828; x_wconf 85' lang='lat' dir='ltr'>ritus</span> <span class='ocrx_word' id='word_1_213' title='bbox 345 812 453 828; x_wconf 83' lang='lat' dir='ltr'>accidentalis</span> <span class='ocrx_word' id='word_1_214' title='bbox 468 815 523 834; x_wconf 84' lang='lat' dir='ltr'>partes</span> <span class='ocrx_word' id='word_1_215' title='bbox 539 812 624 833; x_wconf 76' lang='lat' dir='ltr'>implebat.</span> <span class='ocrx_word' id='word_1_216' title='bbox 646 813 683 829; x_wconf 86' lang='lat' dir='ltr'>Nec</span> 
     </span>
     <span class='ocr_line' id='line_1_29' title="bbox 103 838 683 859; baseline 0.002 -5"><span class='ocrx_word' id='word_1_217' title='bbox 103 840 160 854; x_wconf 63' lang='lat' dir='ltr'>nmen</span> <span class='ocrx_word' id='word_1_218' title='bbox 179 843 221 857; x_wconf 82' lang='lat' dir='ltr'>eam,</span> <span class='ocrx_word' id='word_1_219' title='bbox 236 843 269 859; x_wconf 91' lang='lat' dir='ltr'>qua</span> <span class='ocrx_word' id='word_1_220' title='bbox 288 840 323 854; x_wconf 86' lang='lat' dir='ltr'>erat</span> <span class='ocrx_word' id='word_1_221' title='bbox 342 838 442 859; x_wconf 82' lang='lat' dir='ltr'>antiquitate</span> <span class='ocrx_word' id='word_1_222' title='bbox 457 838 552 858; x_wconf 76' lang='lat' dir='ltr'>venerabili,</span> <span class='ocrx_word' id='word_1_223' title='bbox 567 839 683 855; x_wconf 81' lang='lat' dir='ltr'>reformatores</span> 
     </span>
     <span class='ocr_line' id='line_1_30' title="bbox 104 864 683 885; baseline 0.002 -5"><span class='ocrx_word' id='word_1_224' title='bbox 104 864 145 880; x_wconf 84' lang='lat' dir='ltr'>ritus</span> <span class='ocrx_word' id='word_1_225' title='bbox 152 864 242 885; x_wconf 71' lang='lat' dir='ltr'>Angflieani</span> <span class='ocrx_word' id='word_1_226' title='bbox 251 869 318 884; x_wconf 86' lang='lat' dir='ltr'>prorsus</span> <span class='ocrx_word' id='word_1_227' title='bbox 327 864 388 880; x_wconf 85' lang='lat' dir='ltr'>reicere</span> <span class='ocrx_word' id='word_1_228' title='bbox 395 864 488 884; x_wconf 81' lang='lat' dir='ltr'>voluerunt,</span> <span class='ocrx_word' id='word_1_229' title='bbox 496 865 525 881; x_wconf 85' lang='lat' dir='ltr'>sed</span> <span class='ocrx_word' id='word_1_230' title='bbox 534 865 580 881; x_wconf 86' lang='lat' dir='ltr'>brevi</span> <span class='ocrx_word' id='word_1_231' title='bbox 588 865 683 881; x_wconf 81' lang='lat' dir='ltr'>recensione</span> 
     </span>
     <span class='ocr_line' id='line_1_31' title="bbox 104 890 683 912; baseline 0.002 -6"><span class='ocrx_word' id='word_1_232' title='bbox 104 890 120 906; x_wconf 85' lang='lat' dir='ltr'>in</span> <span class='ocrx_word' id='word_1_233' title='bbox 133 890 206 911; x_wconf 82' lang='lat' dir='ltr'>linguam</span> <span class='ocrx_word' id='word_1_234' title='bbox 218 890 324 906; x_wconf 84' lang='lat' dir='ltr'>vernaculam</span> <span class='ocrx_word' id='word_1_235' title='bbox 336 891 460 907; x_wconf 83' lang='lat' dir='ltr'>transtulerunt.</span> <span class='ocrx_word' id='word_1_236' title='bbox 483 891 539 912; x_wconf 84' lang='lat' dir='ltr'>Quam</span> <span class='ocrx_word' id='word_1_237' title='bbox 553 893 571 907; x_wconf 85' lang='lat' dir='ltr'>ut</span> <span class='ocrx_word' id='word_1_238' title='bbox 584 896 622 907; x_wconf 91' lang='lat' dir='ltr'>cum</span> <span class='ocrx_word' id='word_1_239' title='bbox 634 891 683 912; x_wconf 87' lang='lat' dir='ltr'>origi-</span> 
     </span>
     <span class='ocr_line' id='line_1_32' title="bbox 104 916 684 938; baseline 0.002 -6"><span class='ocrx_word' id='word_1_240' title='bbox 104 916 138 932; x_wconf 86' lang='lat' dir='ltr'>nali</span> <span class='ocrx_word' id='word_1_241' title='bbox 145 916 197 932; x_wconf 70' lang='lat' dir='ltr'>lector</span> <span class='ocrx_word' id='word_1_242' title='bbox 203 918 293 937; x_wconf 85' lang='lat' dir='ltr'>comparet,</span> <span class='ocrx_word' id='word_1_243' title='bbox 298 917 349 932; x_wconf 82' lang='lat' dir='ltr'>verba</span> <span class='ocrx_word' id='word_1_244' title='bbox 356 917 439 938; x_wconf 88' lang='lat' dir='ltr'>quaedam</span> <span class='ocrx_word' id='word_1_245' title='bbox 445 922 455 933; x_wconf 91' lang='lat' dir='ltr'>e</span> <span class='ocrx_word' id='word_1_246' title='bbox 463 917 556 933; x_wconf 80' lang='lat' dir='ltr'>Pontificali</span> <span class='ocrx_word' id='word_1_247' title='bbox 565 917 684 934; x_wconf 83' lang='lat' dir='ltr'>Sarisburiensi</span> 
     </span>
     <span class='ocr_line' id='line_1_33' title="bbox 104 942 684 964; baseline 0.003 -7"><span class='ocrx_word' id='word_1_248' title='bbox 104 942 197 961; x_wconf 83' lang='lat' dir='ltr'>citabimus.</span> <span class='ocrx_word' id='word_1_249' title='bbox 208 942 269 962; x_wconf 69' lang='lat' dir='ltr'>quibus</span> <span class='ocrx_word' id='word_1_250' title='bbox 282 942 363 958; x_wconf 80' lang='lat' dir='ltr'>orationis</span> <span class='ocrx_word' id='word_1_251' title='bbox 374 943 473 959; x_wconf 78' lang='lat' dir='ltr'>vernaculae</span> <span class='ocrx_word' id='word_1_252' title='bbox 486 945 551 964; x_wconf 76' lang='lat' dir='ltr'>partein</span> <span class='ocrx_word' id='word_1_253' title='bbox 565 943 651 960; x_wconf 80' lang='lat' dir='ltr'>relativam</span> <span class='ocrx_word' id='word_1_254' title='bbox 667 943 684 959; x_wconf 93' lang='lat' dir='ltr'>in</span> 
     </span>
    </p>
   </div>
   <div class='ocr_carea' id='block_1_3' title="bbox 104 967 684 1010">
    <p class='ocr_par' dir='ltr' id='par_1_4' title="bbox 104 967 684 1010">
     <span class='ocr_line' id='line_1_34' title="bbox 104 967 684 990; baseline 0.003 -7"><span class='ocrx_word' id='word_1_255' title='bbox 104 968 180 984; x_wconf 85' lang='lat' dir='ltr'>versione</span> <span class='ocrx_word' id='word_1_256' title='bbox 196 967 261 987; x_wconf 82' lang='lat' dir='ltr'>Latina⁷</span> <span class='ocrx_word' id='word_1_257' title='bbox 277 973 320 988; x_wconf 81' lang='lat' dir='ltr'>quae</span> <span class='ocrx_word' id='word_1_258' title='bbox 335 968 405 984; x_wconf 86' lang='lat' dir='ltr'>verbum</span> <span class='ocrx_word' id='word_1_259' title='bbox 420 974 451 989; x_wconf 87' lang='lat' dir='ltr'>pro</span> <span class='ocrx_word' id='word_1_260' title='bbox 466 969 517 985; x_wconf 86' lang='lat' dir='ltr'>verbo</span> <span class='ocrx_word' id='word_1_261' title='bbox 531 969 596 989; x_wconf 79' lang='lat' dir='ltr'>reddat,</span> <span class='ocrx_word' id='word_1_262' title='bbox 610 974 684 990; x_wconf 68' lang='lat' dir='ltr'>appone&lt;</span> 
     </span>
     <span class='ocr_line' id='line_1_35' title="bbox 105 995 156 1010; baseline 0.02 -1"><span class='ocrx_word' id='word_1_263' title='bbox 105 995 156 1010; x_wconf 80' lang='lat' dir='ltr'>mus’:</span> 
     </span>
    </p>
   </div>
   <div class='ocr_carea' id='block_1_4' title="bbox 105 1057 686 1115">
    <p class='ocr_par' dir='ltr' id='par_1_5' title="bbox 105 1057 686 1115">
     <span class='ocr_line' id='line_1_36' title="bbox 129 1057 686 1075; baseline 0.002 -5"><span class='ocrx_word' id='word_1_264' title='bbox 129 1057 135 1065; x_wconf 81' lang='lat'>²</span> <span class='ocrx_word' id='word_1_265' title='bbox 143 1057 248 1071; x_wconf 67' lang='lat' dir='ltr'>Coniux-ledonem</span> <span class='ocrx_word' id='word_1_266' title='bbox 260 1060 303 1071; x_wconf 74' lang='lat' dir='ltr'>umen</span> <span class='ocrx_word' id='word_1_267' title='bbox 314 1058 372 1071; x_wconf 65' lang='lat' dir='ltr'>nomba</span> <span class='ocrx_word' id='word_1_268' title='bbox 384 1058 420 1071; x_wconf 75' lang='lat' dir='ltr'>huius</span> <span class='ocrx_word' id='word_1_269' title='bbox 430 1058 491 1071; x_wconf 66' lang='lat' dir='ltr'>orationis</span> <span class='ocrx_word' id='word_1_270' title='bbox 499 1063 528 1071; x_wconf 77' lang='lat' dir='ltr'>cum</span> <span class='ocrx_word' id='word_1_271' title='bbox 538 1059 618 1075; x_wconf 72' lang='lat' dir='ltr'>impositimie</span> <span class='ocrx_word' id='word_1_272' title='bbox 626 1063 686 1071; x_wconf 78' lang='lat' dir='ltr'>manuum</span> 
     </span>
     <span class='ocr_line' id='line_1_37' title="bbox 105 1078 386 1095; baseline 0.004 -5"><span class='ocrx_word' id='word_1_273' title='bbox 105 1080 149 1090; x_wconf 69' lang='lat' dir='ltr'>auctor</span> <span class='ocrx_word' id='word_1_274' title='bbox 157 1078 209 1091; x_wconf 57' lang='lat' dir='ltr'>sonmo</span> <span class='ocrx_word' id='word_1_275' title='bbox 217 1078 280 1091; x_wconf 60' lang='lat' dir='ltr'>defende«.</span> <span class='ocrx_word' id='word_1_276' title='bbox 298 1078 317 1091; x_wconf 79' lang='lat' dir='ltr'>Cf.</span> <span class='ocrx_word' id='word_1_277' title='bbox 328 1082 341 1090; x_wconf 82' lang='lat' dir='ltr'>u.</span> <span class='ocrx_word' id='word_1_278' title='bbox 351 1082 386 1095; x_wconf 54' lang='lat'>¹079*</span> 
     </span>
     <span class='ocr_line' id='line_1_38' title="bbox 129 1098 530 1115; baseline 0 -4"><span class='ocrx_word' id='word_1_279' title='bbox 129 1098 135 1106; x_wconf 79' lang='lat'>⁵</span> <span class='ocrx_word' id='word_1_280' title='bbox 144 1098 201 1111; x_wconf 59' lang='lat' dir='ltr'>Eundem</span> <span class='ocrx_word' id='word_1_281' title='bbox 207 1099 314 1115; x_wconf 52' lang='lat' dir='ltr'>mundonem</span> <span class='ocrx_word' id='word_1_282' title='bbox 320 1098 373 1111; x_wconf 55' lang='lat' dir='ltr'>instituit</span> <span class='ocrx_word' id='word_1_283' title='bbox 379 1099 432 1114; x_wconf 63' lang='lat' dir='ltr'>mih-u.</span> <span class='ocrx_word' id='word_1_284' title='bbox 439 1100 458 1115; x_wconf 66' lang='lat' dir='ltr'>op.</span> <span class='ocrx_word' id='word_1_285' title='bbox 464 1099 484 1111; x_wconf 64' lang='grc' dir='ltr'>αἰ.</span> <span class='ocrx_word' id='word_1_286' title='bbox 491 1103 504 1115; x_wconf 72' lang='lat' dir='ltr'>p.</span> <span class='ocrx_word' id='word_1_287' title='bbox 511 1103 530 1115; x_wconf 69' lang='lat'>¹0-</span> 
     </span>
    </p>
   </div>
  </div>
 </body>
</html>
