794 1248
260 90 372 104 DlSPUTATlo
384 91 405 103 IN
417 91 432 103 C.
444 90 568 103 TRIDENTINO.
675 90 702 107 171

158 130 191 147 254
218 131 268 146 Porro
284 136 340 146 mense
359 131 409 151 Junio
425 130 497 151 proximi
513 130 552 146 anni
570 130 616 150 5563,
630 135 668 146 cum
684 130 706 145 de

125 156 174 172 rebus
185 157 262 177 Anglieis
272 157 349 178 quaestio
360 162 403 172 nova
413 159 459 172 recto
469 157 564 177 agitaretur,
572 156 631 172 eadem
642 155 676 172 sere
683 156 705 172 de

125 182 208 203 episcopis
221 183 320 203 Anglicanis
334 185 388 203 patses
403 182 505 199 iactitabant.
529 183 563 198 Res
578 187 589 198 a
604 182 706 198 Pallavieino

125 208 165 229 (xxi.
176 212 191 228 7,
204 209 220 229 5)
233 211 313 227 narratur,
326 209 373 224 euius
387 209 437 225 verba
451 209 467 225 in
482 208 599 225 Elizabetham
613 213 646 224 non
661 210 705 224 certe

125 235 203 255 mitigata
218 235 311 251 reseremus.
337 235 389 255 “Jarn
404 235 457 254 vero,”
472 235 530 255 inquit,
541 236 549 242 ‘¹
555 234 649 255 Belgarum,
663 239 706 255 quos

125 261 204 279 diximus,
218 261 300 277 adventus
319 261 428 277 succenderat
447 260 524 277 Tridenti
543 260 613 276 consilia
628 260 705 276 vibrandi

125 286 198 302 Decreta
206 287 222 302 in
230 287 299 307 impiam
308 287 412 307 propinquae
420 286 494 307 Angliae
502 286 593 307 Reginam3
605 288 622 302 et
629 285 705 302 Pontifici

125 312 212 328 consilium
221 313 328 333 probabatur,
335 318 373 329 cum
385 313 416 333 ipsi
425 315 474 333 aptus
482 313 503 328 ad
513 313 530 328 id
539 313 585 328 locus
593 312 681 331 videretur,
689 312 705 328 in

125 343 159 359 quo
169 339 250 359 agebatur
260 339 282 355 de
292 339 371 359 legitimis
381 339 469 359 episcopis,
476 338 539 359 quippe
549 338 594 359 quod
603 338 636 354 illie
644 338 706 354 licebat

125 364 237 385 pronuntiare,
246 365 341 380 huiusmodi
350 369 383 380 non
394 369 431 380 esse
441 365 530 385 episcopos
538 369 548 380 a
557 364 622 385 Regina
630 368 706 384 assump-

125 393 156 409 tos,
167 390 249 411 simulque
261 395 298 406 eam
310 396 346 406 esse
358 390 481 406 schismaticam
492 392 510 405 et
521 389 625 405 haereticam.
649 389 705 410 Quam

125 416 225 432 sententiam
238 416 259 432 ab
271 415 385 432 Oecumenica
397 416 468 436 Synodo
480 415 537 434 latam,
548 415 627 436 sperabat
640 415 668 431 ille
681 415 706 431 in-

125 442 249 458 flammaturarn
268 442 318 458 fuisse
334 442 430 458 Carholicos
446 442 530 462 Principes
549 442 570 457 ad
589 446 639 462 opem
655 441 706 457 armis

126 467 211 484 serendam
223 468 290 483 vexatis
301 467 334 483 illis
345 470 362 484 et
374 468 458 488 oppressis
470 467 560 483 fidelibus!¹

158 494 195 510 25⁶.
220 494 246 509 Illi
254 494 305 514 igitur
315 494 403 514 episcopos
412 493 516 514 Anglicanos
523 493 604 514 legitimos
611 498 647 509 esse
655 498 706 514 nega-

125 520 172 539 bant,
183 525 216 535 non
226 520 259 535 alia
270 520 334 535 ratione
344 525 394 540 quarn
405 519 451 540 quod
461 524 472 535 a
482 519 547 540 Regina
556 519 638 540 assumpti
648 519 707 538 forent,

126 546 142 562 id
158 546 204 566 quod
219 545 313 562 Acadensis
328 546 362 561 iam
377 548 427 562 antea
442 545 497 561 solum
512 545 600 561 obiecerat
623 545 677 566 Atqui
692 545 706 561 si

126 572 166 592 quid
175 574 233 587 contra
239 571 313 587 valorem
322 572 362 587 ritus
370 571 500 587 determinatum
509 571 551 587 foret
559 571 613 587 multo
620 573 706 592 praestan-

126 598 159 614 tius
175 598 232 613 suisset
245 603 303 613 eorum
316 598 438 618 promotionem
451 602 484 613 non
496 598 548 613 modo
559 597 664 619 illegitimam
676 597 706 613 sed

126 624 177 640 etiarn
189 624 251 639 irritam
264 624 320 644 quoad
332 624 445 640 characterem
457 624 571 644 pronuntiare,
583 629 626 644 quae
636 624 650 640 si
662 623 706 640 Con-

126 650 182 665 cilium
190 650 296 668 declarasset,
303 655 336 665 non
343 650 394 666 modo
401 650 473 666 fautores
480 650 597 666 iurisdictionis
603 650 673 671 papalis,
678 650 706 671 qui

126 676 174 696 pauci
186 678 234 691 erant
245 676 261 691 in
274 676 341 696 Anglia,
352 676 480 695 corroborasset,
492 677 521 692 sed
534 676 614 697 plurimos
625 676 654 697 qui
667 681 706 692 vera

126 705 231 718 sacramenta
243 707 334 723 verumque
347 702 459 718 sacerdotium
474 702 517 718 inter
531 702 627 718 essentialia
640 705 706 723 reputa-

127 730 168 746 rent,
178 728 238 743 anxios
249 730 266 743 et
276 727 356 743 sollicitos
366 728 383 743 in
394 728 465 743 eandem
477 730 543 748 partem
554 728 647 744 distrahere
658 731 706 749 potu-

127 754 171 769 isset.
194 753 241 769 Nihil
253 753 315 769 sactum
328 756 357 769 est.
381 753 442 769 Narmt
454 754 498 769 enirn
512 753 621 770 Pallavicinus
632 756 707 770 emtores

127 779 236 795 Caesarianos
255 779 340 799 obiecisse,
358 780 385 795 “si
405 780 514 796 Elizabethae
533 780 628 796 huiusmodi
646 781 707 796 vulnus

126 805 232 826 infligeretur,
245 810 283 821 earn
298 805 383 821 effeiatam
399 806 510 821 exereituram
526 805 576 821 fuisse
592 806 675 822 lanienam
689 807 706 822 in

127 836 189 852 paucos
199 831 237 847 illos
248 831 340 852 episcopos,
351 831 379 852 qui
391 831 408 847 in
421 831 484 852 Anglia
496 832 619 848 remanebant.”
642 832 706 848 Paucos

126 857 194 875 scilieet,
204 857 232 878 qui
244 859 319 878 tempore
331 857 395 873 Mariae
406 862 417 873 a
429 857 508 878 Pontifice
519 857 594 873 Romano
605 858 666 874 adsciti
676 858 707 874 soli

127 883 219 899 seeundum
231 883 346 899 definitionem
359 883 429 899 Coneilii
443 883 544 904 dignitatern
556 884 631 904 legitime
642 884 707 900 obtine-

127 909 172 925 bant.

160 934 197 951 2156Δ
220 935 279 951 Primis
287 935 337 955 igitur
345 935 455 951 Elizabethae
463 936 511 952 annis
519 936 559 952 nihil
567 938 625 952 contra
633 936 706 953 valorem

127 961 251 977 ordinationum
264 960 395 981 Anglicanarum
408 961 507 977 auctoritate
519 962 535 978 S.
548 961 632 978 Ecclesiae
644 962 707 979 Rorna-

128 992 159 1002 nae
173 991 227 1007 neque
241 986 257 1002 in
271 986 321 1002 Curia
333 991 387 1007 neque
399 986 415 1002 in
428 987 503 1003 Concilio
514 987 596 1003 sancitum
608 988 706 1004 invenimus.

127 1013 166 1033 Jam
180 1018 219 1028 vero
232 1012 253 1028 ad
265 1012 346 1033 originem
359 1012 449 1029 hodiernae
464 1018 537 1033 praxeos
548 1014 707 1035 appropinquamus,

127 1044 178 1060 quam
190 1038 317 1059 diligentissime
328 1038 426 1054 examinare
437 1039 533 1059 praestabit
