794 1248
347 318 406 337 CAP.
425 318 459 337 VI.

223 375 251 391 DE
264 375 323 391 PRAX1
336 375 352 392 S⁴
366 375 470 392 Eccuzsxu:
482 376 584 392 ROMANAE

146 421 182 438 210.
206 421 238 437 His
256 421 334 437 omnibus
353 422 443 442 perpensis,
461 422 568 442 quaestiones
586 422 608 437 de
626 421 691 437 ordina-

114 447 187 463 tionibus
195 447 293 468 Anglicanis
301 447 388 463 historicas
396 447 422 463 vel
431 447 533 468 theologicas
542 452 586 468 quae
594 447 691 463 intrinsecus

113 473 189 489 oriuntur
203 474 236 489 iarn
252 473 337 489 absolutas
351 476 434 494 putamus
457 473 481 489 At
494 478 538 489 nova
552 475 603 489 restat
615 473 692 492 obiectio,

113 504 157 519 quae
171 499 185 515 si
200 499 271 520 probata
286 499 339 518 suerit,
354 499 395 515 haec
411 500 468 515 omnia
485 504 528 520 quae
546 499 562 515 in
580 499 692 520 superioribus

113 525 235 546 disputavimus
250 525 365 541 conclusiones
380 530 425 541 mere
441 525 545 541 academicas
562 527 579 541 et
595 525 692 545 nugatorias

114 551 191 567 inducere
199 551 250 572 aliqui
258 551 377 567 reclamabunt.
400 551 479 572 Namque
489 554 571 567 assertum
582 553 607 567 est
618 551 634 567 in
643 551 691 572 praxi

114 576 186 593 Sanctae
193 577 278 593 Ecclesiae
285 577 372 593 Romanae
377 577 492 593 ordinationes
499 577 603 598 Anglicanas
611 580 691 598 tanquam

114 603 168 619 nullas
182 605 233 624 atque
249 603 303 619 irritas
321 605 417 619 constanter
431 603 499 623 haberi3
516 603 617 624 clericosque
632 603 691 624 Angli-

113 634 164 645 canos
172 632 252 650 tanquam
261 634 315 645 meros
323 629 374 646 laicos
382 629 458 645 absolute
469 630 564 646 reordinari.
586 629 631 650 Quid
640 629 692 650 ergo?

113 654 167 671 Roma
182 655 234 671 locuta
248 657 276 674 est,
288 660 338 671 causa
348 655 401 676 finita
416 658 442 671 est.
466 655 537 671 Proinde
550 655 590 676 quid
602 660 645 676 opus
658 654 691 671 dis-

113 681 184 701 putato?

145 707 182 723 211.
205 707 275 723 Lentius
287 707 341 726 abeas,
350 707 402 723 lector
413 707 498 725 benevole¹
508 712 590 728 rogamus,
613 707 691 728 Namque

113 733 134 749 de
148 733 174 749 his
187 738 254 754 quoque
267 733 330 754 aliquid
344 733 392 749 nobis
406 733 541 754 respondendum
555 735 584 749 est.
607 733 646 749 Non
661 738 691 749 uos

112 759 180 780 quidem
201 759 218 776 S.
236 759 329 775 Ecclesiam
349 759 547 780 Romanam—magnum
565 762 582 775 ct
597 759 692 775 venerabile

113 786 220 802 nomen—ita
233 785 280 801 flocci
294 785 368 804 facimus,
380 788 398 801 ut
411 786 447 801 eius
459 785 537 801 iudicium
551 785 567 801 in
580 785 610 801 tali
622 790 640 801 re
651 790 691 806 prae

112 814 210 833 contemptu
224 812 340 832 negligamus;
357 816 388 827 nec
404 814 460 827 tamen
476 811 490 827 ei
506 813 572 827 tantum
587 811 691 827 auctoritatis

112 838 205 856 tribuimus,
221 840 240 853 ut
253 837 348 853 huiusmodi
362 837 438 858 quaestio
453 837 545 853 rationibus
559 839 593 853 tam
609 836 692 853 historicis

112 869 163 885 quarn
174 863 272 884 theologicis
282 863 325 879 adeo
332 866 395 879 vexata
405 868 435 884 per
444 863 497 879 solam
508 863 552 879 illius
562 863 628 884 praxim
639 865 691 879 teme-

112 889 154 905 rarie
166 890 256 905 dirimatur.
280 889 318 905 Non
331 889 354 905 ita
365 889 416 905 verba
428 888 445 905 Sv
456 889 547 909 Augustini
559 889 691 910 interpretamur.

112 915 194 931 Attamen
213 915 262 930 huius
280 915 336 936 operis
355 920 407 936 scopo
422 915 451 931 vix
468 915 550 936 competit
568 915 691 935 disputationes

112 941 175 962 agitare
188 941 210 957 de
226 940 242 957 Sl
257 940 342 957 Ecclosiae
356 941 444 957 Romanae
455 941 555 957 auctoritate
566 943 583 957 et
596 941 691 962 privilegiis.

113 967 200 983 Libentius
211 967 283 983 fatemur
293 967 380 988 permagni
391 967 471 983 interesse
481 969 539 983 tantae
549 969 584 983 tam
592 967 691 983 venerabilis

112 993 198 1009 Ecclesiae
206 998 239 1009 nou
248 993 299 1009 modo
309 993 389 1009 iudicium
400 992 514 1012 informatum,
521 993 551 1009 sed
562 993 613 1009 etiam
624 993 690 1014 praxim

111 1019 212 1036 ordinariam
220 1019 322 1035 examinare.
341 1019 429 1040 Quaenam
437 1024 477 1035 vero
484 1019 516 1035 ista
524 1019 593 1039 praxis?
612 1019 691 1040 Namque

111 1045 191 1061 iudicium
198 1044 306 1061 informatum
314 1045 335 1061 de
341 1044 373 1061 hac
379 1049 396 1060 re
404 1044 487 1060 credimus
495 1044 559 1060 nullum
568 1047 639 1060 exstare.
661 1044 690 1060 An

111 1071 161 1088 certis
171 1076 190 1087 ac
200 1070 274 1087 definitis
285 1070 377 1086 rationibus
387 1071 445 1091 praxis
456 1070 543 1086 innititur?
565 1070 593 1086 Au
604 1070 660 1091 potius
668 1076 690 1086 ex

112 1097 170 1113 maiori
181 1097 246 1113 cautela
257 1099 323 1113 tantum
335 1096 431 1118 dependet?
454 1096 505 1113 Hanc
514 1096 596 1113 rationem
608 1096 691 1118 praeferre
