794 1248
262 92 288 105 DE
299 92 391 105 nunnus
402 92 528 105 SACRAMENTI.
662 89 682 105 61

105 132 122 147 in
133 132 199 152 synodo
210 132 369 152 Hierosolymitana,
379 132 410 148 sub
421 132 508 151 Dositheo,
515 137 560 148 anno
573 132 613 152 1672
621 132 684 151 habita,

105 160 154 174 notat
161 158 263 174 mentionem
272 157 333 174 factam
342 158 392 174 fuisse
400 158 478 174 materia
484 158 570 179 Baptismi.

138 183 164 200 80.
187 184 201 200 E
211 184 273 205 quibus
283 184 352 200 tandem
363 183 423 200 effecta
433 186 459 200 est
469 184 553 200 conclusio
564 185 609 205 quod
620 184 684 200 nullum

105 215 172 231 prorsus
185 212 241 226 exstet
254 212 377 226 sacramentum
388 211 397 218 “
402 210 419 226 in
430 215 465 231 quo
476 215 509 226 non
521 210 584 231 aliquid
596 210 618 226 sit
629 210 685 226 minus

105 236 241 255 determinatum,
252 236 297 257 quod
309 236 388 252 materiae
399 236 466 252 nornine
477 236 539 257 signari
550 236 598 255 solet,
610 238 628 252 et
639 236 684 252 aliud

106 262 151 283 quod
159 267 194 278 rern
202 268 224 278 ex
232 267 250 278 se
258 262 380 278 indifferentem
388 262 410 278 ad
419 267 470 278 unum
479 262 535 283 potius
545 267 595 283 quam
606 262 628 279 ad
639 262 684 279 aliud

106 288 233 309 significandum
248 288 358 308 determinet;
372 291 389 304 et
405 288 437 304 hoc
448 288 516 308 formas
528 293 589 304 nomen
605 289 640 305 iure
653 289 685 305 sibi

105 314 184 331 vindicat
203 314 246 330 Inde
254 314 294 330 illud
301 314 318 330 S.
325 314 416 335 Augustini
424 314 492 330 effatum
501 315 522 331 de
529 314 616 335 Baptismo
622 315 685 335 (Tract.

106 340 156 356 lxxx.
168 340 184 356 in
199 340 255 361 Joan.)
266 340 338 356 Detrahe
349 340 419 359 verbum,
430 340 472 361 quid
484 343 508 356 ext
521 345 565 361 aqua
580 340 614 357 nisi
627 340 685 361 aqua?

106 366 173 382 Accedit
180 366 245 382 verbum
252 366 276 382 ad
281 366 380 385 elementum,
387 369 403 382 et
405 366 430 387 fit
436 366 569 382 ,παιῶνιννιοιιτιιηιῖΙ

169 424 191 440 11.
213 423 240 440 De
249 424 325 440 Materia
335 426 352 440 et
361 424 424 440 Forma
435 424 540 440 Sacramenti
551 424 624 441 Ordinis.

139 467 164 484 ⁹1
188 467 221 483 His
228 467 269 483 satis
277 467 369 487 exploratis
377 467 398 483 ad
409 466 478 483 alteram
490 467 605 488 quaestionem
616 472 686 488 pergen-

106 493 147 509 dum
163 495 192 509 est*
215 492 333 514 Quaerendum
349 493 399 513 igitur
414 498 486 513 quanam
502 495 568 509 constet
584 493 653 509 materia
669 496 686 509 et

107 519 161 535 forma
176 521 299 535 sacramentum
315 518 387 535 Ordinis.
418 519 481 535 Verum
497 519 645 535 animadvertenda
661 522 687 535 est

107 546 183 566 quaestio
194 546 261 566 praevia
271 550 314 566 quae
322 545 366 561 inter
376 545 464 566 theologos
474 547 581 561 controversa
591 547 622 564 est,
630 548 686 562 utrum

108 571 191 587 Dominus
199 573 255 587 noster
262 571 311 592 jesus
319 571 396 587 Christus
404 571 434 587 has
445 573 501 592 partes
511 571 608 587 essentiales
619 571 687 588 ordina-

106 597 172 613 tionum
184 597 321 613 hierarchicarum
334 597 350 613 in
360 603 421 618 genere
432 600 498 614 tantum
509 602 531 613 an
541 598 593 614 etiam
604 598 620 613 in
631 598 687 619 specie

108 623 201 640 instituerit
224 623 318 644 Opiniones
325 624 346 640 de
354 624 385 640 hac
394 629 411 640 re
419 624 492 639 diversas
502 628 513 640 a
521 624 571 640 Petro
579 623 658 645 Gasparri
670 624 686 640 in

108 652 180 666 tractatu
188 650 209 666 de
217 655 263 666 sacra
270 650 376 666 ordinatione
383 649 476 666 luculenter
482 650 573 671 dispositas
584 650 688 670 invenimus;

107 676 155 692 cuius
162 676 213 692 verba
221 676 270 692 liceat
278 676 326 692 nobis
334 676 440 692 mutuavisse.

141 701 166 718 92.
188 701 279 722 “Plerique
294 703 354 722 putant
367 701 453 718 Christum
467 701 488 717 D.
501 701 574 717 voluisse
587 704 605 718 ut
620 702 687 718 ordines

108 727 204 743 hierarchici
219 727 333 743 conferrentur
348 732 377 748 per
391 727 515 747 impositionem
529 732 614 746 manuum,
627 730 645 743 et
658 733 688 749 per

108 753 159 769 verba
174 753 287 774 exprimentia
301 755 402 774 potestatem
418 753 481 769 ordinis
499 758 542 774 quae
561 753 614 772 datur,
629 753 688 770 relicto

109 779 195 795 Ecclesiae
210 783 278 795 munere
291 778 332 794 haec
344 778 395 794 verba
408 778 534 794 determinandi
558 779 604 795 Hinc
618 779 688 795 materia

108 805 218 821 ordinationis
232 809 265 820 non
279 806 334 825 potest
348 809 384 820 esse
398 804 429 820 nisi
443 809 476 820 una
489 804 506 820 in
521 804 600 820 omnibus
615 804 655 820 locis
670 807 688 821 et

109 830 217 851 temporibus,
230 830 246 846 id
259 832 285 846 est
296 830 381 851 impositio
393 835 483 850 manuum;
498 830 552 846 forma
563 833 619 847 autem
632 833 688 852 potest

109 861 145 872 esse
155 856 225 875 diversa,
235 856 329 872 dummodo
339 856 423 876 quaelibet
435 856 520 876 exprimat
531 859 632 877 potestatem
644 857 688 873 ordi-

109 882 177 898 natione
183 882 245 898 datam.
265 882 288 897 Et
293 882 372 902 quoniam
380 881 456 898 Ecclesia
462 882 484 898 nil
493 884 549 903 potest
557 882 573 898 in
579 882 688 899 substantiam

108 910 251 927 sacramentorum,
268 908 292 923 uti
309 908 358 924 docet
378 907 428 924 Conc-
444 907 489 924 Trid.
505 907 549 924 Sese
565 909 600 924 xxi⁴
616 914 651 929 cap.
667 909 689 928 ii.,

109 934 180 955 proinde
188 934 264 950 Ecclesia
272 934 329 954 nequit
337 934 421 950 declarare
431 933 486 950 nullos
496 934 564 950 ordines
574 934 689 955 hierarchicos,

109 960 123 976 si
131 960 187 976 collati
196 960 229 975 sint
237 964 318 975 manuum
328 960 436 980 impositione
447 964 466 976 ac
477 959 532 976 verbis
542 960 583 976 satis
593 961 689 981 exprimen—

109 986 154 1002 tibus
165 987 272 1006 potestatem,
284 985 322 1001 licet
333 985 370 1001 aliis
381 990 391 1001 a
402 985 518 1001 determinatis
529 985 551 1001 ab
564 986 610 1007 ipsam
624 988 642 1002 et
653 986 689 1003 vice

109 1016 157 1027 versa
170 1011 228 1032 nequit
239 1011 304 1027 validos
315 1010 399 1027 declarare
410 1011 477 1027 ordines
488 1011 603 1031 hierarchicos,
615 1012 628 1028 si
640 1012 689 1028 aliter

109 1037 166 1053 collati
174 1039 216 1053 sunt.
236 1036 324 1057 Quaenam
330 1042 370 1053 vero
375 1037 426 1053 verba
434 1037 474 1053 satis
482 1037 579 1058 exprimant
587 1040 688 1058 potestatem

109 1062 173 1079 ordinis
180 1063 209 1083 qui
217 1062 305 1081 confertur,
312 1068 335 1078 ex
343 1062 395 1079 nihilo
403 1062 462 1078 melius
470 1062 525 1084 colligi
536 1065 597 1084 potest,
604 1068 655 1084 quam
666 1069 689 1080 ex

110 1088 155 1105 sacto
164 1088 253 1105 Ecclesiae.
