794 1248
327 95 352 107 DE
364 95 453 107 iamenu.
656 92 667 107 6
669 95 676 112 ς

131 134 157 150 99.
180 134 231 150 Porro
241 139 280 150 cum
290 134 340 150 dictis
350 136 395 150 arcte
403 134 481 150 convenit
489 133 536 150 Goar
543 134 560 150 in
569 133 678 155 Euehologio,

99 165 114 180 p.
130 160 166 180 256.
190 160 254 176 Notato
269 160 314 176 enim
330 160 375 181 quod
391 160 432 176 ritus
447 159 533 176 orientalis
549 159 612 175 nullam
628 159 678 176 aliam

99 186 162 202 indicat
177 186 240 202 ordinis
259 186 345 202 materiam
365 189 431 207 praeter
450 191 530 202 manuum
549 186 679 207 impositionem,

99 212 142 228 hane
150 217 216 233 quoque
224 215 241 228 et
249 213 314 228 Latinis
323 213 410 228 materiam
418 217 455 228 esse
464 215 523 233 argute
534 212 598 233 probat.
621 212 677 229 “Cum

100 238 117 254 in
125 238 201 254 universa
210 238 299 257 Eceksiass'
307 238 365 259 inquit¹
373 239 437 254 “unam
445 241 588 254 sacramentorum
599 238 679 254 adminis-

99 264 198 280 trandorum
221 264 303 280 rationem
322 264 429 280 essentialem
448 264 543 284 (materiam
562 264 640 280 nimirum
661 267 678 281 et

99 289 178 310 sormam)
189 292 262 305 statuere
274 295 341 306 necesse
353 290 379 309 sit,
390 295 421 306 nec
433 290 449 306 in
463 289 527 306 Graeca
543 290 587 306 illius
602 290 679 310 portione

100 316 132 331 alia
142 321 192 336 quam
204 321 263 332 manus
274 316 359 336 impositio
369 318 421 336 queat
431 315 517 336 assignari,
528 315 596 332 indubie
604 316 679 336 sequitur

100 341 116 357 in
133 341 194 357 Latina
208 342 280 357 eandem
295 346 362 362 quoque
377 341 483 357 essentialem
499 346 536 357 esse
555 342 679 362 reputandam.”

101 367 152 383 Porro
163 367 264 384 Graecorum
277 367 298 383 de
309 368 335 384 his
347 368 396 384 rebus
409 368 487 388 opinione
501 367 590 386 communi,
602 373 621 383 ac
633 368 678 384 verbi

100 393 201 415 χειρατυνίας
220 393 362 414 interpretatione,
382 398 405 409 ex
426 393 511 414 Symeone
532 393 678 409 Thessalonicensi

100 419 158 438 relata,
173 420 196 435 ita
211 419 275 440 pergit;
291 419 375 435 “Gratiae
389 424 419 440 per
435 419 519 435 Christum
535 422 678 435 sacramentorum

100 445 188 461 authorem
206 445 365 461 communicationem
382 448 399 461 et
416 445 547 461 distributionem
568 446 617 462 unica
637 445 679 461 haee

100 476 160 488 manus
175 472 260 492 impositio
274 474 387 493 repraesentat
394 477 399 491 ;
413 474 431 488 et
446 472 520 492 proinde,
531 477 575 493 quae
586 474 611 488 est
624 477 679 488 sacra-

101 500 195 513 mentorum
207 500 272 517 natura,
283 498 328 519 quod
342 497 429 519 significat,
442 500 525 518 operatur.
548 498 611 514 Annon
627 498 678 514 etiam

100 524 171 539 dextera
183 523 252 539 Domini
263 523 366 544 glorificatur
377 524 394 539 in
407 524 472 543 virtute,
484 529 522 540 cum
535 524 596 540 Latino
608 524 679 540 diacono

101 554 169 565 manum
181 549 253 570 imponit
264 549 357 570 episcopus,
368 549 425 565 dicens
438 549 493 570 Acciffl
506 549 588 570 spiritum
599 549 679 566 Sanctum

100 575 125 591 ad
144 576 197 594 robur,
219 575 243 591 ad
262 575 369 591 resistendum
388 575 451 591 diabolo
470 578 486 592 et
505 576 620 592 tentationibus
641 576 680 597 ejus,

101 601 119 617 in
130 601 195 617 nominc
206 601 301 617 Domini?’'
324 602 448 618 Porrectionem
460 604 516 618 autem
530 602 679 618 instrumentorum

102 628 181 643 materiae
192 627 247 643 locum
259 628 321 643 habere
332 632 412 648 expresse
424 624 484 648 riegat5
500 633 573 648 namque
585 629 679 644 “manuum

101 653 203 674 impositioni
212 653 304 669 adveniunt
312 653 410 669 traditiones
418 653 567 669 instrumentorum
576 656 594 669 ut
602 653 680 669 accidens

101 679 181 698 subiecto,
190 679 258 700 eiusque
269 679 376 695 solummodo
384 679 462 695 extensio
473 682 516 698 sunt,
527 682 548 698 et,
559 682 577 695 ut
587 679 611 695 ita
620 679 680 698 dicam,

102 705 147 721 nuda
158 705 228 721 obscure
240 705 311 721 traditae
324 705 413 725 potestatis
428 705 524 725 explicatio.
547 705 591 721 Cum
607 710 680 726 namque

102 736 162 747 manus
173 734 190 747 et
199 732 280 747 dexterae
290 736 331 747 voce
342 736 375 747 non
386 736 422 747 raro
434 733 509 747 occurrat
521 731 537 747 in
550 731 636 752 Scriptura
648 731 680 747 Dei

102 760 177 778 potestas
196 760 212 773 et
231 757 283 773 virtus
301 757 391 776 intellecta,
413 758 449 773 eius
469 757 570 778 pontificalis
591 757 681 778 impositio,

102 783 200 805 χειροτονία,
213 784 255 800 nihil
267 783 313 800 aliud
327 786 393 804 praeter
407 784 474 800 divinae
484 784 551 800 virtutis
562 786 579 799 et
591 784 681 804 potestatis

102 810 165 826 donum
176 810 211 826 sive
219 810 387 826 communicationem
396 815 465 831 arguere
474 810 525 827 debet
533 810 550 826 in
558 810 639 831 praesule,
648 810 680 826 Dei

103 836 170 852 nomine
184 841 240 852 sacros
252 836 319 852 ordines
331 836 440 853 conserente?
464 837 511 853 Haec
525 837 570 853 enirn
586 836 681 858 χειροτονία

103 864 150 878 “non
162 862 225 878 nudam
238 867 297 878 manus
307 862 424 878 extensionem
436 863 453 879 in
464 863 540 879 creandis
550 862 682 883 magistratibus,

103 888 205 909 proindeque
216 888 269 904 solam
283 893 340 904 eorum
355 888 455 905 electionem
470 889 555 910 exprimit,
570 889 609 909 quin
625 889 682 909 potius

102 919 160 930 veram
175 914 266 930 eorundem
284 914 407 935 promotionem
423 917 440 930 et
456 915 583 934 institutionem,
600 915 681 935 spirituali

103 940 164 956 tradita
169 942 258 961 potestate,
262 943 279 956 et
285 945 294 956 a
299 940 383 961 superiore
389 946 458 957 manum
463 941 560 962 imponente
565 941 582 957 in
588 940 681 957 inferiorem

103 966 134 982 sibi
142 966 248 987 suppositum
256 966 333 982 traducta
340 966 415 982 virtute?

136 992 172 1009 100,
196 992 283 1008 Hactenus
290 992 339 1011 Goar,
348 993 376 1013 qui
385 993 401 1008 in
411 993 443 1009 ritu
452 993 514 1009 Latino
522 993 566 1009 haud
575 998 623 1009 secus
631 994 682 1013 atque

103 1018 119 1034 in
125 1018 190 1034 Graeco
197 1023 277 1034 manuum
285 1018 409 1039 impositionem
418 1018 471 1034 solarn
480 1018 567 1034 materiam
575 1018 681 1034 essentialem

104 1049 140 1060 esse
152 1044 201 1064 plane
215 1044 280 1064 probat.
304 1044 343 1060 Huc
357 1044 407 1060 refert
422 1044 524 1060 Benedictus
538 1044 590 1063 XIV„
603 1044 632 1065 qui
646 1044 683 1060 loco

104 1072 154 1086 antea
172 1070 225 1086 citato
243 1072 315 1086 testatur
334 1070 428 1086 Ecclesiam
451 1070 547 1086 Romanam
570 1070 684 1086 ordinationes

104 1096 193 1112 orientales
205 1101 224 1111 ea
236 1096 301 1112 ratione
312 1096 375 1117 absque
387 1096 439 1112 dubio
450 1096 531 1117 recepisse
543 1095 588 1116 quod
599 1095 684 1116 impositio

147 1128 163 1141 1..
631 1127 638 1144 5
