794 1248
333 91 358 104 ne
370 91 459 104 MATERIA.
662 88 683 108 63

103 130 205 150 substantim
216 131 288 147 mutatio
294 136 334 147 vero
342 130 422 147 materiae
429 133 446 147 et
454 131 517 147 formae
528 135 562 147 non
572 131 594 147 ad
605 131 655 147 ritum
666 133 684 147 et

104 157 251 177 dispensationem,
262 157 292 173 sed
303 157 325 173 ad
336 157 448 173 substantiam
460 157 537 177 pertinet.
561 157 632 176 Deinde,
643 157 683 173 data

105 182 190 199 Ecclesiae
200 183 284 202 facultate,
292 183 314 199 de
324 188 357 203 qua
367 185 393 199 est
403 188 463 202 sermo,
470 183 522 204 gratis
533 183 603 199 omnino
613 185 629 199 et
640 183 684 199 arbi-

104 209 155 224 trario
163 208 231 229 fingitur
238 209 283 230 quod
292 209 367 225 Ecclesia
375 214 395 224 ea
403 214 433 224 usa
441 208 499 228 suerit;
508 209 565 225 dicant
572 209 622 228 enim,
630 209 658 225 ubi
666 211 684 225 et

104 234 176 255 quando,
184 240 218 255 quo
226 234 297 254 saeculo,
304 235 321 250 in
329 239 363 255 quo
371 234 446 254 concilio,
453 240 463 250 a
474 240 507 255 quo
517 234 597 255 pontifice
607 234 651 251 sacta
661 235 683 251 sit

104 260 186 276 eiusmodi
201 260 284 276 mutatio?
308 260 402 278 Enimvero.
417 260 430 276 si
447 260 522 276 Ecclesia
537 260 559 276 ab
573 260 684 277 ordinationis

104 286 136 302 ritu
147 291 167 302 ea
177 286 276 307 ablegasset,
286 291 329 307 quae
339 286 431 307 antiquitus
442 286 509 305 fiebant,
519 291 616 307 cogeremur
626 287 683 307 utique

104 312 191 331 affin-nare,
202 312 311 328 ordinationis
323 313 409 328 materiam
422 315 439 328 et
450 312 521 328 sormam
534 312 584 328 fuisse
599 312 683 329 Ecclesiae

104 338 203 354 auctoritate
211 340 289 357 mutatas,
298 343 382 359 novasque
390 338 463 359 antiquis
473 338 576 359 subrogatas.
599 338 633 355 Sed
644 344 683 354 cum

103 364 165 383 omnia,
183 369 226 384 quae
245 363 327 379 habentur
346 364 362 379 in
381 363 453 384 antiquis
472 364 563 383 ritualibus,
578 366 684 385 perseverent

104 390 171 409 intacta,
183 395 202 406 ac
216 392 274 406 sancte
287 392 304 406 et
317 390 381 410 integre
394 390 445 406 etiam
459 395 503 406 nunc
516 392 622 410 peragantur,
633 395 683 406 nemo

105 415 153 432 facile
163 416 219 432 credet
230 415 258 431 illa
269 416 332 434 eadem,
340 420 383 436 quae
395 415 493 436 iampridem
502 416 542 431 satis
550 418 601 435 erant,
609 421 653 432 nunc
661 416 682 432 ad

104 441 167 457 ordinis
175 444 298 457 sacramentum
306 441 426 462 perficiendum
434 441 506 462 amplius
514 446 548 457 non
556 441 651 457 sufficere¹.¹'

137 467 162 483 96,
185 467 233 483 Talia
241 467 318 483 disseruit
326 466 403 488 pontifex
409 467 519 483 doctissimus.
539 467 570 484 Cui
576 467 590 483 si
596 472 683 483 assensum

104 492 153 508 suerit
160 494 238 513 sequetur
245 494 264 508 ut
272 492 308 508 sola
316 492 385 508 materia
392 492 492 508 sacramenti
500 492 562 508 ordinis
570 493 592 508 sit
598 492 683 513 impositio

104 523 189 537 manuum,
205 523 256 539 quam
273 518 331 537 solam.
347 520 365 534 ut
384 518 408 533 ait
424 518 503 536 Morinos,
519 521 612 539 agnoscant
627 521 683 539 patres

103 549 167 563 omnes,
179 544 281 565 ritualesque
292 549 351 560 omnes
362 544 426 565 antiqui
437 546 472 560 tam
483 544 543 560 Graeci
554 549 605 565 quam
614 544 683 561 Latini!

105 570 175 586 Necnon
191 573 208 586 et
224 570 340 589 Bellarminus,
354 570 382 590 qui
398 570 519 590 porrectionem
535 571 683 586 instrumentorum

104 596 213 612 necessariam
227 596 341 615 existimabat,
354 598 370 612 et
384 596 450 612 duabus
463 596 537 612 materiis
549 596 614 612 duabus
626 597 684 612 formis

104 622 189 643 duplicem
197 622 286 639 sacerdotii
297 625 399 643 potestatem
409 622 479 638 conferri
487 622 559 642 volebat,
566 628 604 638 curn
616 623 684 643 imposi-

104 649 168 665 tionem
176 654 256 665 manuum
264 651 345 669 tanquam
356 648 461 664 essentialem
470 648 571 667 defenderet,
579 648 622 664 hanc
629 649 683 664 solam

104 675 121 690 in
135 675 185 691 sacris
198 675 288 695 Scripturis
301 679 331 695 pro
342 674 420 695 symbolo
433 677 504 690 externo
517 675 627 691 ordinationis
640 675 683 691 tradi

104 700 231 720 animadvertit;
242 703 260 716 at
271 705 310 716 vero
317 700 431 720 “Scriptum”
441 700 499 721 inquit,
507 702 554 717 “non
565 701 608 717 solet
619 701 635 717 in
646 701 683 717 aliis

104 727 212 742 sacramentis
223 727 288 743 tradere
298 726 329 742 nisi
340 726 436 742 essentiales
446 727 556 743 caerimonias
566 730 584 743 et
594 727 623 743 vix
632 727 683 743 etiam

104 752 141 768 illas
155 752 228 773 integ-ru
242 752 279 772 quis
292 757 332 772 ergo
345 752 376 768 sibi
390 752 490 773 persuadeat
503 752 519 768 in
533 753 565 768 hoc
579 755 684 769 sacramento

104 783 170 799 semper
188 778 270 794 nominari
290 778 339 794 ritum
359 778 494 797 accidentarium,
509 778 572 794 omisso
587 778 684 794 essentiali?

105 804 182 824 Denique
193 803 254 819 Paulus
265 803 306 819 dicit
317 808 347 824 per
358 808 418 819 manus
429 804 553 824 impositionem
565 804 601 820 dari
612 804 683 824 gratiam

106 834 112 846 1
128 829 171 846 Tim.
185 830 205 845 iv.
221 832 238 845 et
254 833 262 845 2
277 829 320 845 Tim.
336 829 346 845 i.
369 829 415 850 Ergo
430 835 490 846 manus
505 830 590 850 impositio
605 832 630 846 est
646 835 684 851 pars

104 855 204 871 sacramenti
215 854 313 874 essentialis,
325 860 359 871 non
370 855 415 871 enim
427 856 491 876 gratiae
502 855 591 876 promissio
602 855 647 872 sacta
658 858 684 872 est

104 881 209 897 caerimoniis
216 881 332 897 accidentariis
340 881 369 897 sed
380 881 509 897 essentialibus⁰
533 881 578 897 Citat
588 881 639 897 etiam
651 883 684 897 tra-

104 907 176 923 ditiones
184 906 281 927 pontificum
289 909 307 922 et
315 907 423 923 conciliorum
434 907 549 928 complurium,
557 912 600 927 quae
608 907 683 928 “passim

104 932 188 949 affimant
198 937 258 948 manus
269 932 376 953 impositione
387 932 457 948 conferri
469 933 539 948 ordines.
563 932 621 953 Ipsum
632 933 683 949 etiam

104 958 221 974 Tridentinum
235 957 323 974 concilium
336 958 388 979 (quod
402 960 428 974 est
439 958 562 974 observandum
576 961 644 979 propter
655 963 684 974 eos

104 984 133 1005 qui
144 986 184 1005 post
194 984 283 1000 concilium
295 984 396 1000 celebratum
409 984 457 1000 aliter
468 984 554 1004 sentiunt),
565 989 604 1000 sess
616 984 636 1000 iv.
648 989 661 1000 c-
674 988 683 1004 3

104 1010 124 1026 de
133 1012 203 1026 extrema
213 1009 290 1028 unctione,
300 1010 340 1026 dicit
351 1010 445 1026 ministrum
455 1012 542 1026 extremae
553 1010 636 1026 unctionis
647 1014 684 1025 mse

129 1049 135 1058 ¹
143 1050 208 1063 Benedict-
215 1050 252 1062 X‘l'V⁴
259 1050 328 1066 &Sp-ada
333 1050 374 1062 Dn'aec.
380 1049 406 1063 viii.
414 1054 425 1062 x.
431 1054 444 1062 x-

129 1070 135 1079 ·
143 1071 205 1085 Mon-m,
213 1070 267 1083 Ansam
275 1070 310 1083 tm.
316 1070 362 1083 ονιεη.
368 1074 381 1087 μ
387 1070 430 1083 aa.
436 1070 481 1083 iim.
487 1071 494 1086 ι
500 1074 512 1083 ι.
529 1070 550 1083 cr.
556 1070 614 1085 raum
624 1070 685 1083 νικας

106 1091 157 1105 attin«.
163 1094 191 1107 ap.
197 1090 227 1106 iv..
234 1094 261 1107 ,η
