794 1248
219 93 244 106 DE
255 92 347 106 PROCESSU
359 92 436 105 CONTRA
447 92 586 105 ELIzAEETl-IAM.
662 92 691 108 173

110 132 226 149 afferebantur.
249 132 295 148 Nihil
306 132 327 148 de
335 132 372 151 ritu,
379 132 401 148 de
409 131 463 147 forma
470 133 487 147 et
498 131 572 150 materia,
579 131 601 147 de
609 131 692 147 ministro-

111 164 147 175 rum
155 159 236 180 qualitate
244 161 295 179 atque
303 158 400 177 intentione,
408 158 429 174 ad
438 157 507 174 Curiam
515 157 586 173 relatum
595 157 692 173 invenimus

112 185 189 206 Denique
200 185 217 201 in
229 185 278 201 Bulla
288 184 367 205 Regnans
377 184 394 200 in
404 184 472 203 excelsis,
482 189 516 205 qua
525 184 609 200 sententia
619 183 692 204 promul-

111 214 151 232 gata
159 214 189 231 est,
197 211 237 227 nihil
245 212 267 227 de
274 211 407 227 ordinationibus
415 215 469 231 neque
477 210 556 226 asseritur
563 215 593 226 nec
602 212 676 231 negatur.

144 238 181 255 2⁵9.
204 238 224 254 In
235 238 305 254 eandem
317 237 445 258 ambiguitatem
457 236 546 257 scriptores
557 236 653 252 incidebant
664 236 692 257 qui

111 264 143 280 sub
148 264 211 281 eisdem
219 264 322 285 temporibus
328 263 437 280 hierarchiam
444 263 557 283 Anglicanam
566 262 641 279 insectati
650 265 693 279 sunt.

112 290 167 306 Certis
179 290 224 306 enim
238 290 330 306 rationibus
343 289 374 305 rari
389 289 507 307 innitebantur,
521 293 582 309 easque
595 288 693 309 plerumque

112 316 219 337 proferebant
224 322 267 337 quae
275 317 331 337 potius
339 316 470 332 iurisdictionem
479 320 529 336 quam
538 315 650 331 characterem
658 315 693 336 epi-

112 348 201 363 scoporum
210 343 332 364 impugnarent
356 342 393 359 Imo
401 342 451 363 plane
459 342 510 358 falsas
518 341 593 358 nonnulli
601 342 692 358 commenti

112 371 155 388 sunt,
166 371 184 384 ut
194 369 223 389 qui
234 369 330 385 asserebant
340 368 395 384 nullos
405 368 455 384 fuisse
465 368 553 388 episcopos
563 368 580 383 in
590 367 654 388 Anglia
664 367 692 388 qui

113 395 203 411 Parkerum
217 397 338 413 consecrarent,
352 394 397 410 nulla
413 399 479 415 prorsus
493 399 573 410 manuum
587 394 693 415 impositione

112 421 209 437 benedictos
219 426 272 437 novos
279 421 362 437 antistites
373 421 394 437 ad
403 420 481 436 ecclesias
491 426 529 436 suas
540 425 570 441 per
579 421 642 436 nudam
650 420 693 436 elec-

112 447 175 463 tionem
191 447 290 468 pervenisse,
303 447 369 467 aliaque
382 446 447 465 similia,
460 451 503 466 quae
519 446 587 467 longum
603 449 647 462 esset
662 451 693 462 nec

113 475 204 494 praestaret
216 472 324 489 enumerare¹.

145 498 181 515 260.
204 499 240 515 Nec
253 501 309 515 tamen
322 498 394 514 dubitari
409 500 465 519 potest
478 498 518 519 quin
532 498 625 515 fautoribus
638 499 693 520 ponti-

113 524 160 541 ficiae
170 525 258 546 potestatis
269 525 326 546 opinio
337 525 370 541 iarn
381 524 455 545 coeperit
465 524 584 545 ingravescere,
593 525 639 546 quod
649 525 694 541 ordi-

113 551 189 567 nationes
205 550 310 572 Anglicanae
325 551 408 567 invalidae
424 550 482 569 forent,
497 551 557 571 quibus
573 556 594 567 ne
608 551 695 567 character

113 576 180 597 quidem
194 576 274 593 clericalis
288 576 414 597 imprimeretur.
438 576 457 592 Id
469 576 523 592 verbis
536 577 663 596 asseverabant;
677 577 693 593 id

113 602 161 619 factis
169 602 296 619 confirmabant.
319 603 358 618 Non
368 607 430 623 paucos
438 603 488 622 enim,
495 603 523 623 qui
534 603 627 619 ministerio
634 603 695 624 Angli-

113 634 156 645 cano
165 628 218 644 functi
228 631 280 647 erant,
288 629 304 644 in
314 630 377 644 statum
388 628 464 644 laicalem
475 628 551 645 redactos
560 629 634 650 episcopi
642 629 694 646 Galli-

113 655 150 671 cani
166 657 183 670 et
199 654 262 675 Belgici
277 655 299 670 ad
314 659 373 670 omnes
388 655 455 671 ordines
471 657 488 671 et
505 655 621 672 Sacerdotium
638 656 694 672 denuo

114 680 231 697 admittebant.
254 680 332 696 Estcourt
349 681 372 701 (p.
390 680 428 701 138)
442 680 497 696 nullos
513 683 552 697 ante
568 686 631 697 annum
650 685 695 702 1570,

114 707 203 723 duodecim
217 709 273 723 autem
287 707 315 727 qui
324 709 370 723 .ante
384 706 434 723 finem
448 706 509 723 saeculi
524 707 619 724 huiusmodi
633 708 695 724 reordi-

114 733 199 748 nationem
211 733 318 753 susceperint,
329 737 395 748 summa
407 732 488 748 industria
499 734 606 749 enumeravit

146 759 183 775 ML
207 759 252 775 Hinc
267 758 358 775 hodiernae
375 764 447 779 praxeos
463 759 553 779 primordia
568 759 585 776 S.
601 760 694 776 Ecclesiam

115 785 210 800 Romanam
225 784 303 800 habuisse
318 784 405 800 credimus.
430 784 464 805 Ipsi
480 785 524 801 enirn
540 785 563 801 rei
578 788 654 801 auctores
670 786 695 802 in-

114 815 168 831 genue
180 810 276 826 fatebantur
287 815 304 826 se
316 815 377 826 novum
389 810 452 830 aliquid
464 810 480 826 in
492 810 523 826 hac
535 813 582 831 parte
593 811 653 831 moliri,
664 817 695 828 nec

114 841 152 852 cum
168 836 196 855 eis,
212 841 255 857 quae
270 836 382 857 superioribus
398 836 501 857 temporibus
518 839 566 857 gesta
581 840 641 857 essent,
656 843 695 854 con·

115 865 213 879 sentaneurn
225 862 256 878 sibi
267 868 303 878 esse
313 862 405 879 consilium.
429 863 507 883 Namque
517 863 534 879 in
545 863 587 879 libro
597 869 619 879 ex
630 864 656 879 his
666 864 695 885 qui

115 888 146 904 has
156 891 213 909 partes
222 888 331 904 defenderent
342 888 392 909 longe
402 888 514 907 celeberrimo,
525 888 551 905 De
560 889 624 910 orig-ine
634 892 649 906 ct
656 892 694 910 pro-

112 919 170 935 grtssu
188 914 286 930 Schismatis
301 914 395 935 Anglicani,
410 914 479 935 quidam
497 915 573 934 sollicito,
589 918 608 931 ut
625 915 695 934 videtur,

116 940 172 956 animo
183 940 224 956 talia
235 940 256 956 de
268 940 402 956 reconciliatione
414 941 490 957 Mariana
501 941 567 962 scripsit
572 947 599 957 :—

148 966 185 983 262.
208 966 255 983 “Sed
270 966 287 982 in
302 966 328 982 his
343 967 401 987 primis
417 967 529 983 restituendae
544 967 629 983 Ecclesiae
645 968 696 984 initiis

116 992 182 1013 gravius
192 997 203 1008 a
213 992 257 1008 clero
268 992 330 1013 passim
341 992 358 1008 in
369 997 389 1008 eo
400 995 487 1013 peccatum
498 995 528 1011 est,
538 993 583 1014 quod
596 993 662 1014 Regina
672 994 696 1010 ita

116 1018 142 1039 (ut
154 1018 217 1034 dietum
229 1018 262 1038 est)
273 1018 370 1034 facultatem
383 1019 487 1034 exercendae
501 1018 599 1035 Catholicae
612 1019 696 1040 religionis

116 1044 223 1063 concedente,
237 1049 278 1059 mox
293 1044 341 1060 multi
355 1049 377 1060 ex
393 1044 477 1065 superiore
494 1044 562 1060 Henrici
577 1047 594 1061 et
610 1045 695 1061 Edouardi

141 1078 146 1086 ¹
155 1078 203 1091 Munus
210 1078 282 1091 huiusmodi*
289 1078 320 1091 esu:
327 1078 390 1093 mmm,
396 1078 418 1095 qui
426 1078 459 1091 me
466 1079 561 1096 ..abigunt-nem
569 1079 623 1096 iugem
630 1079 696 1097 nepam-22

117 1102 139 1116 pp.
146 1102 174 1115 117,
181 1102 209 1115 ¹³³-
