794 1248
349 304 406 323 CAP.
427 304 461 323 IV.

270 362 299 378 DE
311 362 434 379 ΙΝτΕΝτιοΝΕ
446 363 542 379 Mlmsrm.

150 417 186 434 123.
209 417 299 433 Parkerum
307 417 329 433 de
335 417 380 433 facto
388 420 504 434 consecratum
515 418 565 434 fuisse
575 418 696 434 demonstravi-

117 449 157 460 mus
181 444 237 460 Dubia
250 444 272 460 de
285 444 369 463 ministris,
380 444 402 460 de
415 444 484 460 materia
498 447 515 460 et
528 444 582 460 forma
596 445 695 461 sacramenti

116 470 199 486 diluimus
222 470 282 486 Restat
298 472 316 485 ut
333 469 436 486 abiectiones
455 470 477 486 ad
496 470 606 486 intentionem
625 470 695 486 ministri

116 498 212 517 spectantes
225 496 346 517 expendamus.
368 496 451 512 Assetunt
465 496 509 512 enim
521 496 618 516 obiectures,
630 497 695 513 etiamsi

117 522 157 538 ritus
173 522 283 538 Edwardinus
298 525 353 543 partes
368 523 468 539 sacramenti
487 522 583 539 essentiales
602 523 696 544 adaequate

116 548 215 567 adhibuerit,
226 551 301 564 attamen
314 553 353 569 prae
366 548 434 564 defectu
447 548 549 567 intentionis,
559 553 609 569 quern
624 549 695 565 Barlovu

116 574 195 593 tribuant,
206 574 268 590 nullam
280 575 346 595 penitus
358 577 409 595 atque
420 575 482 591 irritam
494 574 544 591 fuisse
554 575 695 591 consecrationem

116 600 139 617 ab
150 600 178 616 illo
190 601 288 617 consectam

149 627 185 643 124.
208 627 263 648 Quam
276 627 344 648 quidem
355 628 480 644 conclusionem
492 633 514 644 ex
526 628 618 648 praemisso
629 627 696 644 defectu

116 653 185 669 minime
192 654 271 675 consequi
278 654 331 675 primo
337 654 489 670 animadvertimus.
509 654 587 675 Namque
595 656 613 670 ut
620 654 696 674 superius

116 680 220 696 ostendimus
235 680 262 696 alii
278 685 345 701 quoque
360 680 433 701 episcopi
452 680 572 697 consecrationi
592 680 696 696 Parkeranae

116 706 225 722 comministri
237 706 351 726 iuterfuerunt,
362 712 405 727 quos
416 711 474 722 omnes
486 709 541 722 rectae
554 706 650 722 intentionis
665 711 695 722 ex-

116 734 171 753 pertes
183 732 233 748 fuisse
244 733 393 749 demonstrandum
406 733 437 749 erit
448 733 462 749 si
473 733 510 754 quis
521 737 542 748 ea
553 733 617 748 ratione
628 731 695 748 Parkeri

116 757 228 774 characterem
240 758 352 779 episcopalem
365 758 446 775 nullitatis
457 758 553 775 insimulare
564 758 639 774 voluerit.
666 758 695 774 Ab

116 784 148 800 hoe
156 787 212 800 autem
224 790 304 806 responso
314 785 384 801 libenter
395 785 491 801 recedemus
501 790 522 801 ne
533 785 554 801 de
564 789 630 801 summa
640 789 694 800 rerum

116 812 200 826 certamen
215 810 299 827 declinare
318 811 408 827 videamur.
438 810 500 827 Totam
519 810 564 826 enim
583 810 694 826 abiectionem

116 836 194 852 radicitus
206 835 276 852 evellere
288 836 373 852 malemus.

149 862 184 878 12⁶.
208 862 246 878 Hoc
255 863 303 878 nobis
311 863 397 883 proposito
405 868 472 879 necesse
480 863 511 879 erit
517 865 535 879 nt
541 863 583 878 duas
589 862 695 883 quaestiones

116 888 236 908 aggrediamur.
267 887 386 908 Quaerendum
402 891 427 904 est
445 890 459 904 1⁰
473 893 565 909 quamnam
585 888 694 904 intentionem

116 913 157 929 ritus
174 913 298 929 ordinationum
316 914 421 934 Anglicanus
440 914 456 930 in
476 914 551 930 ministro
570 916 658 935 supponat,
678 916 695 930 et

116 941 133 955 2²²
140 944 223 960 quaenam
231 939 283 960 ipsius
291 939 361 955 ministri
369 939 440 955 intentio
452 940 500 956 iuxta
509 945 617 956 communem
627 944 693 956 sensum

116 964 240 981 Catholicorum
257 965 279 981 ad
297 967 419 981 sacramentum
434 965 490 981 valide
504 965 626 982 conficiendum
641 965 694 986 requi-

116 994 165 1007 ratur.

237 1033 249 1049 l.
271 1033 297 1050 De
308 1033 398 1050 lntentubne
409 1034 426 1050 in
437 1034 480 1050 Ritu
490 1034 576 1055 supposita.

149 1072 185 1089 126*
207 1072 235 1088 Ad
247 1073 319 1093 primam
332 1072 447 1093 quaestionem
460 1072 580 1088 absolvendam
592 1072 696 1089 adducemus

116 1098 198 1119 imprimis
211 1098 262 1119 ipsius
276 1098 361 1114 Cranmeri
375 1098 396 1114 de
409 1098 460 1114 sacris
473 1098 606 1114 ordinationibus
619 1098 696 1119 vulgatas
