794 1248
106 75 137 95 ¹76
256 78 295 91 CAR
307 78 331 90 vr.
355 78 379 90 DE
392 77 449 90 PRAxt
462 77 475 90 s.
487 77 502 90 E.
515 77 531 90 R.

104 123 126 134 ex
137 117 189 134 altera
200 120 247 139 parte
257 118 368 137 reclamabat3
379 117 464 139 praesules
474 123 493 133 ae
505 117 582 133 doctores
593 117 683 138 Anglieani

105 144 145 160 nihil
162 144 217 160 adhuc
232 144 327 163 movebant,
342 149 396 165 neque
411 144 445 160 ullo
460 149 499 160 cum
515 144 590 160 Ecclesia
606 144 684 160 Romana

104 170 205 186 commercio
217 170 310 186 utebantur.
332 170 426 191 Scriptores
439 172 496 186 autem
509 170 610 186 recentiores
624 175 684 186 causas

104 196 160 217 potius
178 196 200 212 ad
215 196 282 217 praxim
302 196 334 212 iarn
350 196 441 212 stabilitam
457 195 575 216 explicandam
592 196 683 215 innectunt,

104 227 155 243 quam
165 227 209 243 quae
219 227 291 243 praxeos
301 222 383 243 originem
393 222 483 238 declarent.
506 222 526 237 ld
534 221 596 238 fatetur
605 222 683 238 Esteourt

104 249 127 269 (p.
138 249 185 269 168);
197 254 227 265 nec
238 254 268 265 nos
279 254 316 265 curn
327 248 389 265 talibus
400 248 432 264 hoc
442 248 480 264 loco
490 253 525 264 rem
533 248 595 264 habere
602 248 684 267 volumus,

105 274 136 291 nisi
155 280 188 296 quo
203 275 256 291 satius
273 275 375 296 intelligatur
391 280 443 295 quare
458 275 475 290 in
490 274 533 291 hanc
549 277 642 291 nostrarum
657 280 683 291 or-

104 301 210 317 dinationum
229 301 324 322 opinionem
343 301 374 317 viri
391 301 497 317 eoclesiastici
513 304 547 317 tam
564 301 623 317 leviter
637 301 683 317 abire

105 328 193 349 potuerint.

137 353 173 370 2⁶8.
197 354 237 370 Duo
253 354 304 375 igitur
322 354 427 375 potissimum
443 357 542 375 argumenta
558 354 684 375 proferebantur

105 380 165 401 quibus
176 380 290 396 evincerentur
301 380 395 401 Anglieani,
403 385 433 396 nec
444 380 511 396 tertium
523 380 585 399 deerat,
595 381 640 401 quod
653 385 684 396 nos

105 406 176 422 multum
188 406 210 422 ad
223 411 257 422 rem
270 406 416 427 praeiudicandam
428 406 500 422 valuisse
512 409 595 427 putamus

137 432 174 449 28st
196 432 222 453 (a)
230 432 256 448 Ac
263 432 317 453 primo
323 432 391 453 quidem
397 434 433 448 erat
441 432 558 448 scholasticum
566 434 684 453 argumentum

105 459 126 475 de
143 459 247 479 porrectione
266 459 414 475 instrumentorum
433 458 500 477 omissa,
515 458 561 474 cuius
581 463 602 474 ne
621 458 685 474 mentio

105 484 173 505 quidem
182 490 212 501 nec
220 485 324 505 temporibus
335 484 415 500 Marianis
426 489 481 505 neque
491 485 507 500 in
516 484 611 505 primordiis
618 486 684 500 contro-

106 510 169 526 versiae
177 510 273 527 recentioris
280 510 347 526 videtur
354 510 449 526 occurrisse.
474 510 534 531 Neque
542 510 586 526 enim
599 511 615 526 in
623 510 684 526 scholis

105 542 125 553 eo
137 539 212 557 ternpore
223 537 266 553 adeo
277 536 344 557 vigebat
355 536 412 557 opinio
422 536 443 552 de
455 536 565 557 porrectionis
577 537 684 552 instrument-

105 568 152 579 orum
161 563 264 582 necessitate,
272 565 290 578 ut
300 563 415 579 ordinationes
423 562 453 578 hac
464 562 500 578 sola
510 568 560 579 causa
569 563 624 578 irritae
634 565 684 583 atque

105 589 188 605 invalidae
198 591 261 605 tei-nere
271 588 375 605 haberentur.
399 588 436 604 Irno
447 594 469 604 ex
480 588 546 609 scriptis
553 594 596 609 quae
605 589 621 604 in
629 589 685 609 capite

105 615 179 631 secundo
193 615 292 634 rettulimus,
307 617 354 636 patet
369 615 385 631 in
401 615 464 636 Anglia
483 620 541 631 omnes
560 615 648 636 episcopos
664 620 684 631 ac

105 642 186 660 doctores,
197 644 232 657 tam
246 642 306 657 veteris
320 646 370 662 quarn
382 646 436 657 novae
447 641 545 662 disciplinae
557 641 634 660 fautores,
645 646 684 657 curn

105 668 126 684 de
140 667 190 683 sacris
204 667 296 684 Ordinibus
309 667 415 688 disputarent
428 667 454 683 vel
466 667 550 686 docerent,
562 668 684 688 porrectionem

105 693 253 709 instrumentorum
265 693 299 709 alto
309 693 376 710 silentio
388 694 496 714 praeteriisse.
520 694 548 710 Nil
560 694 591 709 nisi
604 699 684 710 manuum

105 719 229 740 impositionem
239 724 269 740 pro
280 719 349 735 materia
357 719 446 740 ponebant.
470 720 521 736 Porro
529 725 584 740 neque
591 720 627 740 ipse
635 720 684 736 Card.

106 745 156 762 Polus
164 745 180 761 in
191 745 262 766 Synodo
273 745 352 761 Londinii
362 750 407 761 anno
420 749 460 766 1557
471 745 529 762 habita
536 746 616 766 quicquid
624 746 645 762 de
653 746 684 761 hac

105 771 206 788 caerimonia
219 772 235 787 in
249 771 396 788 constitutionibus
410 772 431 788 ad
445 777 500 788 sacras
512 772 626 788 ordinationes
637 777 685 792 spec-

105 797 180 814 tantibus
193 797 270 817 instituit,
281 797 298 813 id
309 798 355 818 quod
368 800 413 814 certe
425 797 478 814 facere
490 798 579 817 debuisset,
590 798 604 814 si
617 800 685 818 propter

105 824 141 840 eius
151 824 259 840 omissionem
269 824 336 840 ordines
346 824 394 840 iuxta
405 824 454 840 ritum
463 824 576 845 Anglicanum
587 824 658 840 collatos
667 824 683 840 in

106 850 174 871 planam
187 849 280 866 nullitatem
292 850 387 870 nuperrime
401 850 488 866 reiecisset
511 850 528 866 Is
540 855 607 871 quoque
618 850 641 865 nil
653 849 684 865 nisi

106 880 185 892 manuum
202 876 325 896 impositionem
342 875 406 892 resert'.
429 876 488 896 Neque
506 876 554 892 aliter
573 876 589 892 in
608 875 685 892 Concilio

106 901 205 917 Tridentino
216 904 271 917 actum
282 904 312 917 est.
335 901 389 917 Multa
400 902 422 918 de
432 902 482 917 sacris
493 902 579 917 ordinibus
590 901 684 918 Concilium

106 927 185 946 definivit.
200 928 221 944 de
237 928 306 944 materia
321 928 405 944 essentiali
424 928 469 944 nihil.
493 928 519 944 De
537 928 641 948 porrectione
661 928 684 943 in-

105 956 236 970 strumentorum
252 958 273 970 ne
290 954 359 970 verbum
375 954 443 974 quidem
459 954 475 970 in
491 954 582 970 canonibus
597 954 685 970 invenitur.

107 980 190 996 Nimirum
206 980 222 996 in
238 980 339 996 sententiam
353 980 402 996 Card⁴
415 980 519 1001 Lotharingii
533 983 589 1001 patres
603 980 654 999 ibant,
666 982 685 996 ut

107 1006 223 1027 praetermissa
237 1005 362 1022 sacramentalis
377 1006 457 1022 materiae
468 1006 571 1025 definitione,
582 1011 626 1027 quae
637 1006 685 1022 facile

107 1032 173 1048 decerni
182 1037 215 1048 non
226 1034 287 1053 posset,
295 1032 419 1053 impositionem
431 1037 512 1048 manuum
521 1032 659 1052 frequentissimis
668 1032 685 1048 S⁴

191 1089 196 1097 ¹
205 1089 272 1103 Habentur
278 1089 372 1103 wmtituuones
378 1090 412 1107 apud
419 1089 477 1105 wnkins,
486 1090 545 1104 concilia.
551 1090 567 1104 iv,
576 1090 604 1103 116.
