794 1248
218 96 318 109 CRANMERI
330 96 354 109 ET
365 96 446 110 EARLQVI
457 96 564 109 0P1N10NES,
658 98 678 114 41

100 135 150 151 fuisse
164 141 231 156 prorsus
245 136 342 152 incredibile
355 138 385 154 est,
399 136 412 152 si
425 136 523 157 praesertim
537 136 581 157 regis
594 135 680 156 ingenium

100 162 202 182 respiciatur,
215 162 244 183 qui
258 167 344 183 nunquam
357 162 419 178 oblitus
433 164 458 178 est
473 167 491 178 se
507 162 554 178 Fidei
570 162 680 178 Defensorem

100 188 201 208 nuncupari;
214 193 248 206 nec,
256 193 356 208 quacunque
364 188 380 204 in
389 188 438 204 rebus
449 188 517 204 minoris
525 188 605 204 momenti
614 188 680 204 temeri-

99 215 135 229 tate
142 213 196 232 fuerit,
202 213 311 229 Pontificibus
319 216 336 229 et
344 213 466 233 Cardinalibns,
472 214 500 235 qui
507 213 524 229 id
532 214 593 230 aetatis
601 213 680 230 reforma—

99 241 143 255 tores
151 239 279 260 praecellebant,
285 240 306 255 ad
315 245 341 255 res
349 240 435 256 novandas
442 239 558 260 procliviorem
566 244 584 255 se
592 239 679 260 praestitit

100 265 120 281 In
135 265 216 284 doctrina,
231 266 308 286 quamvis
323 265 407 286 opinionis
422 265 499 286 propriae
517 268 575 285 tenax,
591 265 679 282 Gardineri

99 291 155 311 potius
175 296 226 312 quam
246 291 333 307 Cranmeri
353 291 464 312 symbolisrno
484 294 581 307 constanter
600 291 679 307 savebat¹.

100 316 173 333 Causam
185 317 235 338 igitur
247 317 394 338 praevaricationis
406 320 512 338 praetensam
524 318 607 334 diluimus.

132 342 157 359 ⁶8.
180 343 205 359 At
216 343 284 363 quidem
296 343 382 364 perpensis
393 346 411 359 et
422 343 495 364 ipsorum
509 343 595 360 Cranmeri
609 346 625 359 et
639 343 679 359 Bar-

99 368 132 384 luvi
144 369 251 390 opinionibus
261 369 334 390 vulgatis
345 369 386 386 satis
396 372 463 385 constat
475 375 503 386 eos
514 369 578 385 nullum
589 370 610 385 de
622 374 679 385 conse-

99 395 173 411 cratione
178 395 261 411 reicienda
270 395 374 416 propositum
381 395 462 412 habuisse.
482 396 560 416 Namque
565 395 591 416 (a)
599 395 680 412 Cranmer

98 423 138 441 post
150 421 216 437 Barlovi
229 422 351 442 promotionem
363 422 423 438 eodem
433 422 460 438 vel
470 422 550 442 proximo
561 427 607 438 anno
618 422 680 442 (1536-

101 447 149 467 1537)
162 452 224 463 nomen
239 452 288 463 suum
304 447 360 463 libello
375 448 454 468 apposuit
469 448 495 463 eui
511 447 570 464 titulus
585 447 680 464 Declaratio

98 478 184 489 munerum
191 476 239 494 atque
249 473 357 489 institutionis
367 473 441 489 Divinae
450 474 565 494 Episcoporum
574 476 590 490 et
597 473 680 494 Presbyte-

98 498 165 519 rorum¹,
171 500 188 515 in
196 505 230 520 quo
236 499 277 516 talia
283 499 462 521 legunturt—“Quoad
470 502 593 516 sacramentum
601 500 679 516 ordinum

98 530 182 541 sacrorum
196 526 274 541 volumus
287 531 346 542 omnes
361 526 436 547 episcopi
451 529 469 542 et
484 526 596 547 predicatores
611 526 678 547 plebem

98 554 172 568 nostram
180 557 230 568 curae
240 557 280 568 suae
289 552 371 573 spirituali
382 553 467 569 subditam
478 553 567 568 instituant
574 558 594 568 ac
602 553 679 572 doceant,

98 580 181 598 quatenus
188 578 270 599 imprimis
278 578 355 595 Christus
365 579 434 599 eiusque
441 578 520 600 Apostoli
532 579 548 595 in
560 579 609 594 Novo
619 578 679 594 Testa-

98 606 156 620 mento
164 604 266 620 instituerint
274 606 292 620 ut
299 607 364 625 praeter
371 604 416 620 illam
423 610 481 625 regum
489 607 506 620 et
512 604 606 625 principum
613 604 678 620 civilem

97 632 199 650 potestatem
207 633 257 651 atque
265 630 433 649 administrationem,
439 636 483 651 quae
491 631 507 646 in
516 630 604 651 Scriptura
607 633 679 651 potestas

94 655 152 676 gladii
162 658 272 676 nuncupatur.
283 656 311 672 alii
322 661 389 677 quoque
401 656 471 672 ministri
484 656 500 672 in
513 656 588 672 Ecclesia
600 656 678 672 militanti

97 684 179 702 perpetuo
189 681 248 701 forent,
258 682 287 702 qui
298 684 343 698 certa
353 682 427 702 quadam
438 684 522 702 potestate
532 682 631 698 auctoritate
640 682 678 697 mis-

97 707 144 723 sione
151 707 184 723 sub
190 707 257 724 Christo
262 708 334 728 praediti
340 708 409 724 verbum
416 708 448 724 Dei
456 708 572 728 praedicarent
579 707 679 728 plebemque

97 733 181 752 docerentv
196 736 301 749 sacramenta
321 733 353 749 Dei
372 734 433 754 quibus
448 733 551 749 conferretur
569 733 623 754 gratia
642 733 678 749 Scti

97 758 170 780 Spiritus
177 759 240 775 eisdem
249 759 369 780 dispensarent,
377 759 506 775 Sanctissimum
518 759 583 780 Corpus
591 759 652 775 Christi
661 759 678 775 in

98 785 208 802 Sacramento
219 785 283 801 Altaris
295 785 401 804 conficerent,
412 790 471 801 omnes
482 790 520 801 vere
532 785 637 806 poenitentes
649 785 678 801 ab·

97 811 180 827 solverent
190 816 282 832 eorumque
292 814 361 832 peccata
371 811 480 830 remitterent,
488 816 547 827 omnes
557 811 574 827 in
586 810 678 827 manifestis

97 837 162 853 delictis
173 837 267 858 peccatisve
277 837 354 853 detentos
365 839 416 857 atque
426 836 511 852 emendari
523 836 599 852 nolentes
607 836 678 857 ligarent

96 865 148 883 atque
158 862 329 881 excommunicarent,
338 863 380 878 alios
391 863 407 878 in
418 863 490 878 eundem
501 864 564 878 statum
574 862 650 878 ordinem
661 865 678 878 et

97 888 207 904 ministerium
216 888 232 904 in
241 893 275 909 quo
285 888 316 909 ipsi
327 888 414 904 constituti
422 891 478 904 essent
488 890 606 908 promoverent
614 890 631 904 et
638 893 678 904 con—

96 916 185 933 secrarent,
190 914 256 935 plebem
262 914 335 935 denique
341 914 453 930 Christianam
460 916 617 935 pascerent,...quae
622 917 678 935 potes-

96 942 122 955 tas
130 939 156 956 vel
165 940 289 956 administratio
299 940 325 956 hic
334 940 350 956 in
361 941 409 956 terris
417 942 492 956 servetur
502 945 571 955 necesse
578 942 678 960 est...quam

97 965 173 982 Christus
184 967 201 982 et
211 965 291 986 Apostoli
301 966 351 982 certis
362 968 429 982 tantum
440 966 515 987 personis
527 966 646 982 commiserunt
658 971 677 982 ae

96 992 183 1011 dederunt,
194 992 257 1008 scilicet
267 992 369 1012 presbyteris
380 994 432 1012 atque
441 992 528 1012 episcopis,
538 996 581 1012 quos
591 991 678 1012 elegerunt

121 1035 126 1043 ¹
135 1036 173 1048 Hanc
179 1035 248 1048 Henrieixe
254 1036 300 1048 indolis
305 1036 410 1052 appretintionem
415 1040 423 1048 e
429 1036 481 1051 Stnbbs,
487 1036 545 1048 Laetum
550 1039 566 1048 ou
574 1036 646 1048 Mda'aeva!
651 1036 679 1048 and

96 1056 150 1069 Mum·
156 1056 212 1072 History,
220 1060 232 1072 p.
240 1060 268 1072 ²⁵91
275 1056 365 1069 trmsnilimu

119 1076 125 1084 ¹
134 1078 142 1083 *¹
146 1077 159 1089 A
164 1076 241 1089 declaration
247 1076 285 1089 made
290 1077 305 1089 o!
311 1077 333 1089 the
338 1077 401 1089 functions
407 1076 432 1089 und
437 1076 484 1089 Divine
490 1076 562 1089 institution
567 1076 582 1089 oi'
589 1076 644 1093 Bishups
651 1077 677 1089 md

96 1097 156 1113 pesum
162 1097 214 1110 eonon⁴
221 1100 243 1110 us.
250 1097 290 1113 cm.
295 1097 312 1110 E,
320 1101 332 1109 v.
338 1097 359 1110 {oi
367 1101 387 1113 ⁴⁵.
