794 1248
124 101 155 117 114
289 99 329 112 CAP.
340 99 356 112 V.
378 99 404 112 DE
415 99 537 113 SACERDOTIO.

122 142 201 161 putamus
209 140 247 156 huic
255 139 323 155 decreto
330 140 447 156 auctoritatem
458 139 563 156 conciliarem
571 140 621 156 tribui
629 140 701 161 nequire.

123 166 157 182 Sed
170 166 238 182 minoris
249 171 286 182 esse
297 166 379 182 momenti
390 166 467 187 quaestio
478 166 547 182 videtur.

155 192 189 213 (2⁴).
212 192 258 213 Quid
274 197 291 208 re
308 192 344 213 ipsa
359 191 417 208 fecerit
433 191 510 208 Pontifex
526 197 548 208 ex
563 192 612 208 dictis
627 194 702 213 apparet.

123 218 189 239 Nempe
200 218 312 234 Armenorum
323 217 458 234 instruendorum
468 223 519 234 causa
529 218 604 239 proprios
616 218 702 234 Ecclesiae

123 244 211 260 Romanae
219 244 260 260 ritus
271 246 337 260 tantum
345 244 424 260 historice
431 244 515 260 describit-
539 244 565 260 Ita
574 243 663 265 Gasparri;
675 244 701 260 cui

123 272 179 286 tamen
193 270 222 285 vix
236 270 316 286 assentire
331 274 420 290 possumus
435 274 473 285 cum
487 269 528 285 dicit
543 274 580 285 eam
596 269 701 290 potissimum

123 296 211 312 memorari
230 295 354 314 caerimoniam,
368 300 420 316 quarn
435 295 495 311 Graeci
514 300 547 311 non
565 295 632 312 habent-
655 295 702 311 Nihil

122 322 167 337 enim
176 322 192 337 in
201 321 259 337 ritibus
267 321 338 337 aliorum
349 324 491 337 sacramentorum
502 324 613 337 memoratum
623 324 648 337 est
656 322 701 342 quod

123 347 192 364 Graecis
210 347 271 364 deerat.
295 347 331 363 Nee
347 347 421 368 quidem,
435 347 452 363 id
471 347 517 368 quod
536 347 559 363 illi
578 347 644 367 arridet,
658 347 702 363 hanc

123 374 209 390 materiam
216 374 292 390 ritualem
300 376 365 390 tantum
374 374 423 389 iuxta
430 378 536 389 communem
545 373 624 394 loquendi
632 374 701 389 modum

123 400 184 421 apponi
196 400 284 419 credimus,
292 405 343 421 quam
355 399 408 415 solam
420 402 478 415 auctor
489 399 551 415 decreti
563 399 617 415 verbis
628 400 701 420 agnovit.

123 426 207 447 Quicquid
222 428 278 442 autern
294 426 316 441 de
330 425 362 441 hac
375 430 392 441 re
407 425 512 441 sentiendum
528 425 550 441 sit
565 425 606 441 ritus
621 430 654 441 non
670 426 701 441 nisi

122 451 201 468 historice
214 452 339 471 describuntur3
354 451 432 472 quocirca
444 451 512 467 decreto
524 456 555 467 nec
567 451 643 467 definitio
654 451 702 470 inest,

123 482 177 498 neque
183 478 273 493 auctoritas
281 477 322 498 legis
330 477 412 493 serendae.
428 477 454 493 Ita
462 482 503 493 sane
510 476 593 493 sentiebat
602 477 702 493 Benedictus

123 503 171 519 XIV.
177 503 203 523 (de
209 503 269 523 Synod.
275 503 307 519 viii.
316 503 343 524 10)
348 503 376 524 qui
383 508 421 519 cum
428 502 525 519 facultatem
531 503 608 519 mutandi
615 503 701 519 materiam

122 531 140 545 et
148 529 219 545 sormam
229 530 246 545 in
257 529 327 545 dubium
337 529 454 550 gravissimum
464 531 555 548 evocasset,
562 529 635 548 “Data.”
642 529 702 550 inquit,

122 555 221 572 “Ecclesiae
237 555 316 571 facultate
331 556 353 571 de
367 560 401 576 qua
419 558 445 571 est
459 560 519 575 sermo,
534 556 586 576 gratis
600 555 670 571 omnino
685 557 702 571 et

122 582 209 598 arbitrario
223 581 291 602 fingitur
303 581 349 602 quod
362 581 438 598 Ecclesia
450 586 469 597 ea
481 586 511 597 usa
523 581 576 597 suerit.
599 581 662 597 Dicant
674 581 701 597 ubi

122 610 140 624 et
150 608 223 629 quando,
230 613 264 629 quo
274 607 344 627 saeculo,
353 608 369 623 in
380 613 415 629 quo
424 607 500 627 concilio,
507 612 518 624 a
528 613 562 628 quo
570 607 649 628 pontifice
657 607 701 624 facta

122 634 144 650 sit
156 634 238 650 eiusmodi
251 634 334 650 mutatio.”
357 634 422 655 Quibus
435 634 490 650 verbis
504 634 582 650 Pontifex
595 634 701 650 doctissimus

122 665 152 681 per
160 660 245 676 decretum
254 660 376 681 Eugenianum,
381 660 427 681 quod
436 660 486 681 paulo
493 660 569 681 superius
577 660 702 681 explanaverat,

122 686 204 702 eiusmodi
213 687 323 702 mutationem
333 686 410 702 effectam
418 686 468 702 fuisse
476 686 556 707 implicite
564 686 636 707 negavit

156 711 191 728 1⁷2.
214 712 252 732 Jam
269 712 310 728 satis
328 714 345 728 et
364 711 436 732 amplius
455 712 477 728 de
495 712 526 728 hac
542 717 559 728 re
574 712 701 733 disputavimus-

123 737 199 754 Tandem
212 738 228 754 in
241 738 302 754 Morini
314 737 415 753 sententiam
425 738 522 754 recedimus.
544 738 588 754 Cum
598 738 661 754 scilicet
672 743 702 759 per

122 764 181 780 decern
196 764 262 780 saecula
281 763 319 784 plus
334 763 389 779 minus
405 763 477 779 Ordines
492 763 587 779 hierarchici
603 768 633 784 per
647 763 701 780 solam

123 789 246 810 impositionem
261 794 341 806 manuum
355 789 401 805 nullo
416 790 564 806 instrumentorum
579 795 610 806 usu
625 790 701 806 adhibito

123 816 139 831 in
151 816 226 832 Ecclesia
237 816 298 831 Latina
309 815 379 831 collatos
390 815 441 831 fuisse
450 816 583 832 demonstratum
595 816 621 835 sit,
628 821 701 837 cumque

123 842 139 857 in
154 842 233 858 Ecclesiis
247 842 361 858 Orientalibus
374 847 404 862 per
416 841 469 857 solam
482 842 606 863 impositionem
621 847 701 858 manuum

122 868 173 883 etiam
182 873 225 884 nunc
236 868 301 884 notorie
311 868 420 887 conserantur,
429 868 454 883 his
464 868 530 884 duabus
538 868 629 884 rationibus
637 868 701 884 inducti

122 893 237 909 concludimus
256 899 285 915 per
304 894 357 914 ipsam
376 899 456 910 manuum
475 894 604 915 impositionem,
620 896 701 915 tanquam

123 919 176 935 solam
195 920 300 936 essentialem
320 920 412 939 materiam,
428 920 550 936 ordinationem
570 920 700 941 presbyteralem

122 950 188 966 semper
199 948 216 961 et
227 945 289 966 ubique
300 946 317 962 in
329 946 405 962 Ecclesia
415 946 465 962 fuisse
475 945 574 962 consectam.
598 946 672 967 Ideoque
684 946 701 962 in

123 971 198 987 Ecclesia
210 971 304 992 Anglicana
316 977 345 992 per
357 972 481 992 impositionem
494 977 578 991 manuum,
589 972 651 988 omissa
663 977 701 993 por-

123 997 196 1013 rectione
211 997 363 1017 instrumentonrm,
378 997 490 1014 sacerdotium
509 998 564 1014 valide
583 998 653 1014 conferri
670 1003 701 1019 pro

122 1023 215 1039 certissimo
226 1023 311 1039 habemus.
