794 1248
243 92 362 105 FACULTATES
375 91 410 104 PRO
422 92 517 104 EPlSCOPls.
638 90 670 107 259

90 134 114 145 aut
121 132 136 145 in
144 132 164 145 cis
173 132 250 149 culpabiles
259 132 281 145 vel
290 134 368 149 suspectas,
377 136 393 145 ac
402 132 476 146 eredentes
485 134 580 149 receptatores
587 134 601 145 et
607 131 670 145 fautores

90 157 143 170 eorum,
152 158 185 167 suos
194 158 248 167 errores
257 156 355 171 agnoscentes,
363 157 380 167 ac
389 153 407 167 de
415 153 442 167 illis
451 153 519 170 dolentes,
527 156 541 167 et
550 153 568 167 ad
576 152 670 166 orthodoxum

91 175 133 189 fidem
141 175 184 193 recipi
192 176 263 189 humiliter
272 175 364 193 postulantes,
373 175 431 193 cognita
439 175 453 189 in
461 175 496 193 ipsis
504 179 537 189 vera
544 177 559 189 et
567 179 596 188 non
604 174 637 188 ficta
645 176 669 188 aut

91 197 157 211 simulata
163 197 254 215 poenitentia,
262 197 281 211 ab
288 197 354 211 omnibus
363 200 377 211 et
383 197 442 214 singulis
449 197 532 214 haeresium,
539 196 624 213 schismatis,
631 199 644 210 et
651 196 670 209 ab

90 219 170 233 orthodoxa
175 220 203 233 liae
210 220 313 237 apostasiarum
319 222 334 233 et
340 219 460 237 blasphemiarum
467 222 480 233 et
487 219 546 232 alioruin
554 222 670 236 quorumcunque

91 241 158 255 similium
167 246 230 255 errorum
239 242 282 255 etiarn
292 242 318 255 sub
326 241 388 259 generali
398 245 462 255 sermone
471 245 499 255 non
508 241 595 255 venientium
603 240 671 258 peccatis,

91 263 177 280 criminibus,
188 264 270 277 excessibus
281 266 295 277 et
306 263 365 280 delictis,
377 263 401 280 (de
413 263 464 281 quibus
476 265 523 277 tarnen
536 263 565 277 iam
575 262 639 281 inquisiti
649 262 671 276 vel

91 285 154 299 accusati
165 290 190 299 seu
201 285 292 299 condemnati
302 289 330 299 non
341 285 397 301 fuerint)
409 287 422 299 et
434 285 506 303 quibusvis
517 284 671 300 excommunicationis,

92 307 189 325 suspensionis
205 310 218 321 et
234 307 345 324 interdictorum,
360 309 375 321 et
388 307 420 321 aliis
432 306 531 321 ecclesiasticis
543 309 558 321 et
570 306 671 324 temporalibus

92 329 155 343 censuris
167 332 181 343 et
191 329 245 347 poenis,
256 330 270 343 in
282 333 306 343 ens
317 329 427 347 praemissorum
438 331 451 343 et
464 329 584 346 infrascriptarum
597 329 671 342 occasione

92 355 100 364 a
111 351 140 364 iure
152 351 173 365 vel
186 351 205 364 ab
217 351 274 364 nomine
286 350 319 364 latis
329 351 351 364 vel
364 350 461 368 promulgatis,
473 350 516 364 etiam
528 350 540 364 si
551 350 566 364 in
576 350 597 364 eis
608 350 671 368 pluribus

92 373 133 386 annis
145 373 245 390 insorduerint,
258 375 272 386 et
285 377 333 386 earum
346 373 416 386 absolutio
428 372 475 386 dictae
487 373 517 386 sedi
530 372 573 386 etiam
587 377 612 390 per
623 372 672 386 literas

93 395 107 408 in
116 399 161 408 coena
171 395 229 408 Domini
236 394 263 412 legi
270 397 345 408 consuetas
352 397 423 408 reservata
429 394 484 411 existat,
491 394 505 408 in
512 397 571 412 utroque
577 394 672 408 conscientiae

93 417 147 430 scilicet
158 419 172 430 et
183 416 272 430 contentioso
282 416 316 433 foro,
327 420 351 430 eos
361 420 395 430 vero
405 416 428 434 qui
437 416 465 430 iam
474 416 536 434 inquisiti
545 416 568 430 vel
576 416 639 430 accusati
647 418 672 429 aut

93 438 184 452 condemnati
191 438 247 454 fuerint,
255 441 269 452 ut
277 438 358 455 praefertur,
366 438 384 451 ad
392 442 417 452 cor
423 440 509 452 revertentes
517 438 531 451 in
540 438 570 451 foro
576 438 672 452 conscientiae

94 462 149 474 tantum
157 460 219 478 plenarie
226 460 310 474 absolvendi
319 462 333 473 et
342 460 420 473 liberandi:
434 460 494 474 Necnon
502 464 535 474 cum
542 460 562 474 eis
570 464 613 478 super
620 460 672 477 irregu-

94 482 149 496 laritate
156 486 181 499 per
188 486 213 496 eos
221 482 331 499 praemissorum
340 482 415 496 occasione
425 484 501 499 contracta⁷
511 482 553 496 etinm
562 483 595 500 quia
604 482 624 496 sic
632 482 672 500 ligati

94 504 144 518 missas
154 507 167 518 et
177 505 205 518 alia
214 504 263 518 divina
272 504 322 521 officia,
331 504 375 518 etiam
384 507 434 518 contra
443 505 478 518 ritus
487 507 501 518 et
508 504 595 518 ceremonias
604 504 673 518 hacteuus

93 526 160 544 probatas
164 529 178 540 et
182 526 246 543 usitatas,
250 526 357 543 celebraverint,
362 529 386 539 aut
391 526 418 539 illis
423 526 459 539 alias
463 530 478 540 se
482 526 587 543 immiscuerint,
592 528 665 539 contracta
669 530 672 542 ;

93 548 159 566 quodque
166 548 268 566 irregularitate
274 551 287 562 et
293 548 324 562 aliis
328 548 409 566 praemissis
416 552 445 561 non
450 548 538 562 obstantibus
543 548 557 561 in
562 548 591 561 suis
595 548 672 565 ordinibus,

94 571 136 584 etiam
143 571 161 584 ab
167 571 242 584 haereticis
249 573 263 584 et
270 571 364 584 schismaticis
372 570 443 588 episcopis
452 570 495 584 etiam
503 570 550 584 minus
558 570 588 587 rite,
595 570 673 584 dummodo

94 592 108 605 in
121 596 170 606 eorum
182 593 258 606 collatione
269 592 337 606 ecclesiae
350 593 396 606 fot-ma
408 595 421 606 et
434 592 493 606 intentio
507 592 525 606 sit
538 595 598 608 servata,
611 596 637 610 per
648 596 673 606 eus

94 614 167 632 susceptis,
176 617 190 629 et
200 615 214 628 in
222 619 270 628 eorum
279 614 369 632 susceptione
378 614 433 628 etiamsi
443 615 537 628 iuramentum
546 617 595 628 contra
605 616 673 632 papatum

94 638 175 651 Romanum
180 637 279 655 praestiterint,
286 637 329 651 etiam
334 637 349 650 in
354 637 402 651 altaris
409 637 486 650 ministerio
491 636 575 653 ministrare,
580 641 596 650 ac
602 641 673 654 quaecun—

94 663 122 676 que
128 662 218 677 quotcunque
227 662 240 673 et
250 659 353 677 qualiacunque
361 659 405 673 etiarn
411 661 464 676 cut-ata⁷
470 659 531 672 invicem
537 661 585 672 tamen
591 663 607 672 se
616 662 673 676 compa-

94 681 147 698 tientia,
154 681 223 695 beneficia
228 680 297 694 secularia
302 681 324 694 vel
329 680 398 698 regularia
403 680 502 698 (dignitatibus
507 680 522 694 in
527 680 605 697 collegiatis
609 680 673 694 ecclesiis

94 703 195 720 principalibus
204 705 218 716 et
226 703 241 716 iu
250 702 355 716 cathedralibus
365 703 408 716 etiam
417 702 529 720 metropolitanis
537 704 569 719 post
576 702 673 719 pontificalem

95 724 171 738 maioribus
179 724 252 742 exceptis),
258 725 302 738 etiam
310 728 319 738 a
327 724 421 738 schismaticis
430 724 500 742 episcopis
509 728 534 737 seu
542 724 574 737 aliis
582 723 673 737 collatoribus

95 747 137 760 etiam
144 746 198 760 laicalis
206 746 279 764 potestatis
288 749 361 764 praetextu
371 746 424 763 habita,
432 746 515 759 auctoritate
523 745 601 763 apostolica
609 746 673 762 retinere,

95 768 172 781 dummodo
182 768 221 781 alteri
230 768 252 781 ius
260 768 340 785 quaesitum
349 772 377 781 non
385 767 407 784 sit,
416 770 430 781 et
439 772 467 781 non
476 767 537 785 promoti
545 767 564 781 ad
573 771 622 781 ornnes
631 767 673 780 etiam

96 794 144 804 sacrus
150 792 164 804 et
170 790 271 807 presbiteratus
277 790 334 803 ordines
341 794 350 803 a
357 790 386 803 suis
392 789 470 806 ordinariis,
477 789 489 803 si
495 789 534 806 digni
544 792 558 803 el
566 789 614 803 idonei
622 789 673 807 reperti

95 812 150 829 fuerint,
157 812 183 826 rite
189 815 203 826 et
209 812 272 829 legitime
278 812 362 830 promoveri,
368 816 385 825 ac
392 811 460 825 beneficia
466 812 563 825 ecclesiastica
571 811 615 825 etiam
621 814 674 828 curata,

95 835 107 848 si
117 834 137 847 eis
146 834 182 848 alius
191 834 259 847 canonice
268 834 362 850 conferantur,
372 834 434 851 recipere
443 836 458 847 et
467 833 527 847 retinere
536 833 597 850 valeant,
606 834 674 851 qualitate

95 856 167 874 temporis,
171 856 266 869 ministrorum
271 856 330 873 defectu,
335 859 349 869 et
354 856 422 869 ecclesiae
426 856 534 869 necessitatibus
539 855 649 873 utilitatibusque
655 856 675 869 ita

95 878 190 896 poscentibus,
195 877 287 895 dispensandi
294 880 308 891 et
314 877 402 895 indulgendi,
407 882 423 891 ac
429 882 487 891 omnem
492 877 585 891 inhabilitatis
590 880 603 891 et
608 877 674 891 infamiae

95 901 166 914 maculam
176 900 206 914 sive
217 902 266 913 notam
278 904 295 913 ex
305 899 385 917 praemissis
395 900 502 917 quomodolibet
512 900 608 917 insurgentem
619 899 675 917 penitus

95 925 109 936 et
115 923 173 936 omnino
179 922 254 936 abolendi:
265 922 325 935 Necnon
332 922 346 935 in
353 921 433 939 pristinum,
439 924 454 935 et
460 926 493 935 euin
500 922 513 935 in
520 925 548 939 quo
557 924 590 935 ante
597 921 675 939 praemissa

96 945 202 963 quomodolibet
208 947 252 960 erant.
259 947 316 961 statum.
322 944 342 958 ita
351 947 365 958 ut
374 944 440 958 omuibus
448 946 462 958 et
469 944 527 961 singulis
533 944 587 961 gratiis,
593 943 675 961 privilegiis,

95 966 167 980 favoribus
175 969 189 980 ex
198 966 261 983 indullis,
271 966 322 984 quibus
331 966 382 980 caeleri
392 966 444 980 Christi
454 966 503 979 fideles
513 966 580 983 gaudent,
590 968 604 979 et
613 965 675 982 gaudere

95 988 201 1006 quomodolibet
210 991 274 1006 possunt,
283 989 303 1002 uti
313 991 327 1002 et
336 988 399 1005 gaudere
405 988 461 1001 valeant
471 988 485 1001 in
493 987 560 1001 omnibus
567 990 581 1001 et
589 991 614 1005 per
621 987 674 1004 omniu,

96 1010 154 1028 perinde
162 1015 179 1024 ac
187 1011 199 1024 si
208 1014 217 1024 a
225 1010 253 1024 fide
261 1010 330 1024 catholica
339 1010 353 1024 in
361 1010 409 1027 aliquo
416 1014 488 1027 nunquam
495 1009 584 1026 deiecissent,
591 1009 674 1023 restituendi

95 1035 109 1046 et
118 1032 194 1050 reponendi
201 1035 214 1046 et
222 1032 332 1050 redintegrandi,
339 1037 356 1046 ac
363 1033 384 1046 eis
391 1032 475 1049 (dummodo
481 1032 523 1045 corde
530 1031 585 1045 contriti
595 1036 622 1045 sua
628 1034 676 1045 errata

95 1057 109 1068 et
122 1058 187 1068 excessus
198 1054 320 1072 circumspectioni
333 1057 388 1068 vestrae
401 1059 425 1068 seu
436 1054 478 1068 alicui
488 1054 528 1067 alteri
538 1058 563 1071 per
573 1058 598 1067 ens
610 1054 675 1071 eligendo

94 1076 165 1090 catholico
171 1076 248 1090 confessori
255 1077 375 1090 sacramentaliter
381 1076 480 1093 confiteantur,
487 1080 504 1090 ac
513 1076 615 1093 poenitentiam
624 1076 675 1089 saluta-

94 1103 124 1113 rem
129 1098 150 1112 eis
154 1103 180 1116 pro
185 1099 266 1117 praemissis
271 1099 372 1116 iniungendarn
376 1099 434 1113 omnino
438 1098 535 1116 adimpleant),
540 1102 597 1112 omnem
601 1097 674 1115 publicam
