794 1248
256 96 322 110 OPINIO
334 96 452 110 LUTHERANA
463 96 548 110 ΙΠΞΙΙΞΕΤΑΔ
663 97 693 113 ¹39

114 136 145 152 hac
158 142 174 152 re
186 136 288 152 luculentum
300 136 416 153 testimonium
426 136 529 157 perhibeant,
539 136 590 157 paulo
600 135 652 152 fusius
662 140 692 151 ex-

114 167 201 183 ponemus.

146 188 183 205 wo.
206 188 295 209 Regnante
303 188 388 205 Edwardo
396 188 426 204 Vl.
434 188 501 209 plurimi
509 188 525 204 in
532 188 614 209 Angliam
620 188 692 204 advene·

113 217 152 230 runt
165 214 224 230 exules
237 215 297 235 quibus
310 215 326 230 in
339 214 383 231 votis
395 217 432 230 erat
444 214 537 230 Ecclesiam
550 214 662 235 Anglicanam
675 214 691 229 in

113 240 184 256 eandem
193 240 315 260 refirmationis
322 241 367 257 viam
374 241 453 257 reducere
460 245 511 261 quam
523 240 554 261 ipsi
562 240 579 256 in
590 240 623 256 suis
633 240 692 260 patriis

113 267 166 282 secuti
174 269 225 282 erant
249 266 268 283 Id
277 267 374 287 praesertim
383 266 488 287 flagitabant,
495 269 514 283 ut
523 267 589 287 penitus
597 266 692 282 aboleretur

113 293 229 312 sacerdotium,
241 295 293 314 utque
306 298 316 309 e
329 293 361 308 ritu
373 293 483 309 ordinationis
494 293 551 309 omnia
564 292 692 309 detruderentur

113 323 157 339 quae
165 318 223 335 Sancti
229 318 302 339 Spiritus
308 319 415 335 collationem
420 318 528 339 postularent.
545 318 610 334 Horum
616 319 691 334 omnium

113 345 164 365 longe
174 345 327 365 praestantissimus
337 345 368 361 suit
380 345 463 361 Martinus
474 345 531 364 Bucer,
539 345 691 366 Argentoratensis.

114 371 220 387 Lutheranus
231 373 271 390 erat,
281 373 357 392 spectato
368 371 486 390 moderamine,
493 372 522 392 qui
533 371 571 387 viris
581 373 616 387 tam
627 370 691 387 curiali-

113 397 145 413 bus
152 402 203 418 quarn
211 397 327 413 ecclesiasticis
336 400 428 418 pergratus,
436 397 452 413 in
464 397 575 413 Academiam
586 397 691 418 Cantabrigi-

113 428 170 439 ensem
176 423 238 439 ascitus
244 423 331 444 professor,
337 423 427 439 eruditioni
433 428 533 444 magnopere
541 422 607 443 profuit,
612 422 692 439 ecelesiae

113 454 147 465 non
160 449 230 465 multum
242 449 302 465 nocuit.
327 449 343 465 ls
353 449 422 470 quidem
433 449 492 465 librum
504 449 598 470 composuit
607 448 634 464 De
641 448 692 465 Ordi-

113 476 178 491 natianc
186 475 259 496 legitima
268 475 381 491 ministrorum
389 475 483 494 revocanda,
491 475 519 496 qui
527 475 631 495 propositum
642 480 691 491 suum

113 501 129 516 in
144 501 181 521 ipso
194 500 243 516 titulo
255 506 295 521 prae
308 506 326 516 se
340 501 375 516 sert.
399 500 466 521 Quippe
479 505 512 516 non
526 505 592 516 sacrum
606 499 691 516 Ecclesiae

113 526 228 545 ministerium,
241 531 274 542 non
288 526 405 546 sacerdotium,
418 532 452 542 non
466 532 524 542 verum
537 526 654 547 episcopatum
667 531 691 541 re-

113 552 166 571 tineri,
185 552 214 568 sed
233 552 348 568 ordinationes
367 553 449 573 quasdam
465 552 578 573 Apostolicas,
596 557 638 573 quas
657 552 691 567 iam

113 577 177 598 pridem
193 578 271 593 desuetas
287 577 337 593 fuisse
352 578 451 596 somniabat,
467 577 554 594 instaurari
570 577 626 593 voluit.
649 576 691 592 Tres

114 603 226 619 ministrorum
239 603 307 619 ordines
320 604 406 625 permisit;
423 608 456 619 non
470 606 527 619 tamen
540 608 588 619 veros
603 607 633 619 nec
648 602 692 618 inter

113 634 131 645 se
144 635 182 645 vere
193 630 285 645 distinctos.
309 630 365 646 Unam
377 630 468 646 dumtaxat
480 629 568 645 formulam
581 629 691 645 ordinationis

113 661 144 676 pro
151 656 229 671 omnihus
237 656 323 671 ordinibus
331 655 413 675 exhibuit,
421 661 464 676 quae
472 655 497 671 his
503 655 558 671 verbis
563 655 659 671 enuntiatur
665 660 690 671 :—

113 683 121 689 “
128 682 189 697 Manus
198 681 230 697 Dei
238 681 362 702 omnipotentis,
372 681 431 700 Patris,
439 681 481 700 Filii,
489 683 505 697 et
516 681 589 702 Spiritus
600 681 658 698 Sancti
669 682 690 697 sit

113 712 163 728 super
171 712 204 726 vos,
213 709 290 728 protegat
298 710 315 723 et
323 707 405 728 gubernet
412 712 447 726 VOS,
454 709 473 723 ut
481 707 527 726 eatis,
533 710 550 723 et
556 707 627 723 fructum
635 710 691 723 vestro

113 733 206 749 ministerio
218 733 360 754 quamplurimum
374 733 452 751 afferatis,
465 733 512 754 isque
527 736 595 749 maneat
607 733 624 749 in
638 734 690 749 vitam

113 758 219 775 aeternam'l'
242 759 292 775 Hanc
307 764 346 775 vero
359 759 448 775 formulam
464 759 488 775 ita
503 759 582 780 explicat,
598 762 617 775 ut
632 764 690 776 omnes

113 785 183 802 ministri
197 790 251 806 aequo
265 785 299 801 iure
310 785 404 806 presbyteri,
416 786 493 806 quamvis
506 786 522 801 in
536 788 570 802 tres
581 786 648 802 ordines
661 786 690 802 ad-

113 812 223 828 ministrative
234 811 316 832 dispositi,
327 816 357 832 per
367 816 405 827 eam
417 811 490 827 ordinari
502 811 621 832 intelligantur.
644 812 691 828 Inter

112 837 161 858 primi
176 837 239 853 ordinis
258 837 374 858 presbytenim
393 840 410 853 et
426 837 493 853 secundi
509 843 529 854 ea
544 840 610 854 tantum
626 838 690 854 ratione

112 863 204 884 distinguit.
214 864 222 871 “
227 866 246 879 ut
257 868 295 879 eum
307 863 394 879 ordinatur
405 863 465 884 aliquis
477 863 625 884 Superintendens,
636 864 653 880 id
664 867 691 881 est

113 889 211 910 Episcopus,
222 889 278 905 omnia
290 889 378 910 aliquanto
389 889 465 910 pluribus
477 892 494 905 et
504 890 572 910 gravius
583 893 662 911 gerantur
673 893 690 907 et

111 915 218 936 perficiantur
229 920 280 935 quarn
292 920 330 931 cum
342 915 429 931 ordinatur
440 915 527 936 presbyter
540 916 608 932 secundi
622 917 690 936 ordinis¹

111 940 138 957 vel
149 941 197 957 tertii.
221 940 247 956 Ita
259 941 310 957 etiam
322 941 340 957 lit
355 941 454 957 nonnullum
466 942 555 958 discrimen
570 942 613 958 inter
623 943 689 959 ordina-

111 967 175 983 tionem
188 966 323 987 presbyterorum
335 967 403 983 secundi
415 969 432 983 et
444 967 488 983 tertii
500 967 576 983 ordinisff'

144 992 180 1009 Μ,
204 992 255 1008 Hune
268 992 338 1009 tandem
351 992 411 1009 librum
426 993 503 1009 manibus
515 994 605 1010 versabant
617 995 689 1015 castiga-

111 1021 156 1035 tores
164 1018 204 1034 ritus
212 1018 308 1039 Anglicani,
318 1019 346 1040 qui
357 1019 428 1035 multum
440 1019 545 1035 auctoritatis
553 1020 617 1036 Bucero
628 1020 689 1037 tribue-

111 1044 162 1063 bant;
174 1049 205 1060 nec
218 1046 275 1060 tamen
288 1045 323 1060 eius
336 1045 410 1061 consiliis
423 1045 439 1061 in
453 1045 485 1061 hac
497 1050 514 1061 re
526 1045 688 1066 obtemperaverunt.

111 1070 180 1086 Librum
197 1070 282 1086 Ritualem
298 1070 320 1086 ab
335 1071 367 1087 isto
382 1071 474 1087 Buceriano
489 1076 556 1092 prorsus
571 1071 689 1089 abhorrentem

265 1106 270 1115 ¹
279 1107 323 1120 num-i
328 1107 378 1123 smpta
383 1107 460 1124 aglaum.
467 1111 479 1124 μ
486 1111 514 1124 ¹59·
