794 1248
264 96 289 108 DE
300 95 366 109 VERBIS
377 95 529 109 CONSECRATWIS.
664 95 685 112 73

107 140 196 156 exponere
220 135 239 151 In
249 135 342 151 Pontificali
351 135 434 153 Romano,
443 134 491 150 iuxta
501 139 608 150 communem
619 136 686 150 senten-

107 161 153 179 tiam,
159 163 177 177 ut
185 161 260 181 superius
268 166 278 177 e
284 160 374 181 Gasparrio
382 160 453 176 relatum
461 163 491 179 est,
497 160 551 176 forma
559 160 575 176 in
583 160 623 176 solis
631 159 686 176 verbis

106 187 165 207 Accipe
172 187 255 207 Spiritum
263 187 343 203 Sanctum
351 187 450 203 continetur.
474 187 549 207 Ideoque
557 187 573 202 in
585 187 616 202 ritu
626 186 686 206 Angli-

106 218 149 229 cano
162 213 183 229 de
197 218 230 234 quo
243 213 303 234 agitur,
314 213 328 229 si
339 213 380 229 haec
391 212 442 228 verba
453 212 572 228 tantummodo
584 212 686 233 praescripta

106 238 180 258 fuissent.
191 239 245 255 forma
257 239 290 255 iarn
301 239 394 260 adaequata
406 236 492 255 sufficeret.
516 239 540 255 At
551 239 595 255 idem
606 238 685 259 Gaspani

106 265 158 281 obicit
169 265 211 281 haec
221 265 277 284 verba,
288 265 304 281 in
316 270 334 281 se
346 265 425 286 inspecta,
438 270 474 281 esse
487 265 619 283 indeterminata,
631 269 686 285 neque

106 291 169 307 ordinis
183 291 282 312 episcopalis
293 291 400 307 collationem
412 291 452 306 satis
463 291 562 311 exprimere,
573 295 617 312 quae
628 293 685 306 tamen

106 316 132 332 vel
146 316 248 337 praefatione
260 317 286 333 vel
300 317 371 337 ipsamet
384 317 485 333 caerimonia
496 317 537 332 satis
548 316 685 333 determinantur.

107 342 127 358 In
135 342 206 358 eandem
215 342 248 358 fere
258 342 370 358 obiectionem
381 342 459 358 incidisse
469 342 547 358 videntur
557 345 633 359 auctores
644 342 685 358 ritus

106 368 206 389 Anglieani;
221 368 298 389 quocirca
309 368 360 384 verba
371 368 431 389 quibus
443 368 496 384 forma
507 368 560 384 satius
571 368 588 384 in
600 368 636 389 ipsa
647 373 685 388 pro-

106 393 168 410 latione
183 394 321 410 determinaretur
336 394 426 415 prudentes
441 394 546 410 addiderunt.
569 394 647 415 Namque
662 398 685 410 ex

105 420 181 436 omniurn
200 420 287 436 doctorum
307 421 366 437 saltem
381 420 506 437 Catholicorum
521 425 603 436 consensu
618 422 685 436 constat

106 446 194 466 episcopos
199 445 289 462 hodiernos
295 446 311 462 in
318 447 377 462 eodem
383 446 437 467 gradu
443 446 485 462 sacri
492 446 578 462 ministerii
584 446 684 461 constitutos

105 476 142 487 esse
150 471 171 487 ad
179 476 230 492 quem
238 472 287 488 Titus
294 474 311 488 et
318 472 417 488 Timotheus
425 472 497 493 promoti
506 477 590 488 summurn
599 471 684 487 Ecclesiae

105 498 180 518 regimen
195 499 276 518 tanquam
292 498 414 518 Apostolorum
433 502 536 514 successores
554 497 648 513 exercuisse
667 497 684 513 in

105 524 156 539 sacris
171 523 262 543 Scripturis
275 524 356 540 dicuntur.
380 524 440 544 ltaque
451 524 502 539 verba
517 523 578 544 quibus
591 523 684 544 Apostolus

105 548 191 565 Timothei
204 549 326 569 promotionem
339 549 449 570 descripserat
460 550 483 565 nil
495 549 526 565 nisi
538 550 609 570 gradum
621 549 684 570 episco—

105 574 160 595 palem
174 574 247 590 indicare
260 577 355 596 potuerunt-
378 574 428 595 Quod
442 575 456 591 si
471 576 509 597 quis
524 575 568 591 ultro
583 575 684 591 dubitaverit

105 603 160 617 utrum
176 600 227 616 verba
241 600 273 616 hoc
288 606 338 616 sensu
354 601 448 621 recipienda
467 603 543 617 auctores
562 601 583 617 de
602 601 684 617 industria

104 627 195 647 posuerint,
210 626 279 642 dubium
295 632 317 642 ex
333 627 470 647 interpretatione
484 632 535 648 quam
551 627 582 648 ipsi
597 627 683 647 vulgatam

104 653 191 669 ediderant
210 652 258 668 facile
276 653 363 669 diluemus.
394 653 479 669 Praesula
497 654 542 669 enim
557 653 647 674 Anglicani
663 658 684 669 eo

104 681 180 699 tempore
192 678 313 699 Paraphrasim
327 678 393 694 Erasmi
409 679 425 694 in
439 684 505 695 summo
518 679 581 695 honore
594 679 683 698 habebant,

104 709 155 725 quarn
164 704 236 725 Anglice
244 705 327 720 redditam
336 705 352 720 in
360 704 406 720 omni
418 704 492 721 Ecclesia
503 705 593 726 parochiali
604 705 628 720 ita
635 707 654 721 ut
661 705 683 721 ab

104 731 182 747 omnibus
201 731 314 751 perlegeretur
332 731 429 751 ponendam
447 736 491 747 anno
509 735 549 751 1547
565 731 683 747 instituerant¹.

105 756 153 773 Haec
172 757 222 777 igitur
240 762 324 773 sacrarum
344 757 467 778 Scripturarum
486 758 600 778 interpretatio
617 762 683 773 summa

104 784 203 799 auctoritate
218 783 304 800 Ecclesiae
319 784 429 804 Anglicanae,
444 789 478 805 quo
496 786 572 805 tempore
587 783 626 799 novi
641 784 683 799 ritus

104 809 248 830 comparabantur,
254 810 318 826 sancita
324 812 353 825 est.
371 810 452 825 Erasmus
458 812 514 826 autem
521 809 571 825 verba
577 810 619 826 sacri
625 811 683 825 textus

103 840 147 856 quae
160 835 223 851 formae
236 836 368 852 consecratur-iae
381 838 487 852 accesserunt
498 836 522 852 ita
533 836 652 857 interpretatur
657 841 683 852 :—

103 861 186 877 “Donum
202 861 234 877 Dei
250 862 296 882 quod
316 867 346 882 per
364 862 488 883 impositionem
508 866 588 878 manuum
608 866 682 877 mearum

103 887 181 908 episcopus
186 887 273 904 ordinatus
278 888 357 909 accepisti
363 888 433 904 suscites
438 890 467 904 tua
473 888 554 904 industria
559 888 683 909 vigilantiaque,

104 913 175 934 sortique
188 916 205 929 et
219 913 289 930 insucto
302 914 359 930 animo
373 919 443 935 peragas
456 914 487 930 tibi
498 914 595 935 delegatum
607 913 683 930 munus.'¹

104 939 143 955 Hae
156 941 222 960 recepta
238 939 374 960 interpretatione
389 939 496 956 manifestum
512 942 537 956 est
552 942 628 956 auctores
644 940 682 955 novi

104 966 145 981 ritus
152 965 193 981 haec
199 966 250 981 verba
258 971 308 982 sensu
316 966 402 986 praedicto
410 966 518 986 intellexisse,
524 968 541 982 et
546 971 576 987 per
583 971 603 982 ea
611 966 682 987 gradum

103 991 216 1013 episcopalem
224 992 304 1008 collatum
313 992 386 1008 indicare
394 992 470 1008 voluisse.

136 1018 172 1034 112.
195 1018 223 1034 Ex
237 1018 287 1034 dictis
300 1021 370 1039 apparet
383 1018 454 1034 sormam
468 1019 607 1035 consecratoriam
621 1019 637 1034 in
650 1019 681 1035 ritu

103 1044 200 1065 Anglicano
207 1044 300 1060 adhibitam
309 1045 363 1061 verbis
371 1045 388 1061 in
396 1045 432 1066 ipsa
440 1045 535 1066 prolatione
545 1045 607 1061 additis
618 1045 682 1066 liquido

274 1097 278 1105 ¹
287 1097 334 1113 naxon,
341 1098 398 1114 Hirtary,
405 1097 431 1110 ναι,
437 1098 450 1110 ir
457 1102 470 1114 p,
476 1102 505 1114 0²5·
