794 1248
243 98 268 111 DE
279 98 440 111 DISPUTATORIBUS
451 98 500 111 SAEc.
513 98 556 110 xvn.
660 98 690 114 179

110 137 227 156 convellerent,
240 142 270 154 nec
284 137 349 154 Romae
364 137 385 153 de
401 137 487 154 Ecclesiae
500 138 606 159 Anglieanae
619 138 689 154 veritate

110 168 164 184 aequo
176 164 232 180 animo
243 163 330 180 deliberari
342 166 412 184 poterat.

142 190 179 206 2⁷⁶.
202 190 262 206 Postea
273 195 313 206 vero
324 195 375 211 quam
387 189 432 205 furor
443 190 474 206 iste
487 189 620 210 disputatoribus
633 189 689 210 potius

111 215 157 232 sessis
169 221 220 236 quarn
231 216 279 232 victis
291 221 380 237 parumper
390 216 459 232 sedatus
469 218 500 235 est,
508 221 540 232 non
553 216 610 232 statim
620 216 647 232 via
659 215 690 232 suit

111 241 132 257 ad
143 242 194 258 dubia
205 244 263 258 mutuo
275 242 331 258 studio
341 241 455 263 persolvenda.
479 242 499 258 1n
511 242 593 258 erroribus
605 242 689 260 obstinati,

111 268 188 288 pessimis
199 268 291 284 rationibus
303 268 393 289 illaqueati,
404 273 437 284 non
450 268 498 284 facile
509 268 531 284 ad
542 268 609 284 saniora
620 268 690 284 consilia

111 294 199 311 redierunt.
222 294 256 311 Alii
272 294 342 311 aliorum
354 294 465 315 quaestiones,
477 297 581 315 argumenta,
593 294 689 310 testimonia

110 320 139 336 vix
147 320 239 341 intelligere
247 321 355 339 conabantur,
363 320 475 341 expendenda
483 320 588 341 spernebant<
612 320 688 336 Tandem

111 346 153 362 inter
163 347 249 368 angustias
259 347 372 367 deprehensus
383 347 437 363 clerus
448 346 558 367 Anglicanus,
568 346 622 362 surore
634 346 689 363 Calvi-

111 373 162 388 niano
170 373 186 388 in
195 377 257 393 magns
265 373 296 389 ista
304 372 393 389 rebellione
402 373 431 388 vix
442 378 476 388 non
485 373 555 391 deletus,
563 373 661 393 prudentius
669 378 688 389 ac

111 398 213 415 moderatius
224 394 345 415 controversias
356 400 427 415 tractare
439 399 505 419 incepit.
517 403 548 414 nec
559 398 632 419 amplius
645 399 689 419 puri—

111 425 154 440 tanis
164 425 198 441 suis
209 425 252 441 adeo
263 429 326 440 morem
336 427 413 445 gerentes
423 427 459 441 tum
470 424 555 445 praesules
565 427 602 441 tum
612 425 689 441 doctores

110 451 132 466 de
139 451 218 466 omnibus
226 456 269 471 quae
279 451 296 467 in
306 451 404 471 quaestione
411 451 520 467 versabantur
530 451 584 471 magis
594 451 690 471 theologico

111 481 156 492 more
175 476 288 497 disputabant.
312 476 357 493 Sane
375 476 420 492 aliud
439 479 488 492 sonat
508 476 599 492 Bmmhalli
614 476 689 492 defensio

110 507 161 522 quam
175 503 278 523 superiorum
292 502 318 518 vel
333 502 384 518 etiam
399 502 465 519 Masoni
479 502 613 519 declamationes.
637 502 688 523 Angli

110 528 178 548 quidem
186 528 292 545 ecclesiastici
299 533 349 545 causa
357 529 441 549 religionis
449 528 472 545 eis
480 528 584 549 temporibus
591 528 689 544 exsulantes

111 560 149 570 cum
157 554 236 575 praelatis
244 557 261 571 et
268 554 364 571 doctoribus
372 554 464 571 Gallicanis
475 559 508 570 non
516 559 568 575 parva
575 554 689 570 familiaritate

110 583 127 597 et
138 581 207 597 cantate
218 580 312 599 utebantur,
322 586 352 597 nec
362 581 451 597 defuerunt
462 580 490 601 qui
501 581 523 597 de
535 581 627 597 ministerio
638 583 689 602 atque

110 607 196 623 ordinibus
204 606 282 623 exsulum
290 606 447 623 benevolentissime
455 607 540 623 sentirent.

142 633 179 650 27⁰.
202 632 238 649 Sub
249 633 312 649 eisdem
324 633 428 654 temporibus
439 633 473 649 duo
484 633 544 649 saltem
556 638 604 649 casus
616 633 688 649 Romam

111 658 158 675 relati
170 659 218 675 nobis
229 659 338 675 examinandi
349 659 430 675 videntur⁴

144 685 240 706 Stephanus
251 685 304 704 Gofl'e,
314 685 342 705 qui
353 685 387 705 regi
398 685 460 701 Carolo
471 685 483 701 Ι.
491 690 501 701 a
511 685 562 701 sacris
573 685 631 704 suerat,
638 685 689 706 patri-

111 710 141 726 bus
160 711 234 727 Oratorii
252 711 372 727 Parisiensibus
387 716 423 727 sese
438 711 529 732 adiungere
544 711 592 727 exsul
607 711 689 732 cupiebat

111 736 184 757 Quidam
204 739 271 753 narrant
289 742 328 753 enm
347 737 415 758 aliquod
435 740 501 758 tempus
520 737 631 753 sacerdotium
650 742 688 753 cum

110 768 178 779 assensu
190 763 270 779 antistitis
281 763 340 779 saltem
353 763 405 779 tacito
416 764 519 783 exercuisse3
530 764 547 779 id
559 769 598 780 vero
609 764 638 779 vix
648 763 689 779 satis

110 792 219 810 compertum*
242 789 313 805 Constat
326 792 382 805 autem
398 790 513 810 quaestionem
529 789 550 805 de
565 789 600 805 eius
613 791 658 805 statu
672 792 689 805 et

111 815 206 831 charactere
221 815 272 831 fuisse
285 815 397 834 ventilatam¹,
409 820 459 836 quam
476 815 576 832 Sorbonicos
591 815 689 831 affirmative

111 842 214 862 disceptasse
224 842 312 862 scriptores
322 842 459 862 contemporanei
470 844 563 860 testantur:
575 842 604 858 sed
613 841 689 857 consulta

111 867 127 884 S.
142 867 186 884 Sede
199 868 284 884 decretum
298 870 324 884 est
338 873 360 883 ex
372 868 417 884 iussu
432 868 516 884 Pontifieis
531 868 624 884 innocentii
638 867 659 884 X.
671 870 689 883 ut

111 893 194 909 subiectus
203 893 328 910 reordinaretur.
352 893 400 910 Haec
408 899 451 914 quae
459 894 554 915 accepimus
562 894 595 910 iam
604 893 690 913 tradimus,

111 924 141 935 nee
151 919 212 935 scimus
223 924 257 941 qua
268 920 399 941 congregatione
409 920 490 940 consulta,
502 925 536 941 quo
547 920 617 936 dubium
629 925 689 941 propo-

111 948 166 964 nente,
177 951 211 966 quo
222 949 302 967 tempore.
313 946 394 967 quibusve
408 946 476 962 tandem
488 946 580 962 rationibus
591 951 689 967 responsum

111 971 164 987 suerit
187 971 269 992 Quocirca
281 972 297 987 in
310 975 386 988 neutram
400 975 465 993 partem
477 972 548 988 multum
562 972 655 993 argumenti
667 977 689 988 ex

112 997 143 1013 hoc
154 1002 193 1013 casu
205 997 265 1013 deduci
277 998 346 1014 videtur.

143 1023 179 1040 27⁷*
203 1023 230 1039 De
243 1023 296 1039 altcro
309 1024 357 1044 plura
370 1029 390 1040 ac
403 1024 473 1040 certiora
487 1024 583 1040 testimonia
596 1026 638 1040 sunt.
660 1024 689 1044 Jo-

136 1061 141 1069 ¹
151 1062 158 1068 ¹⁴
163 1062 194 1074 This
200 1062 256 1075 baninu
261 1062 292 1075 hum
298 1062 330 1075 been
336 1063 383 1079 nways
389 1063 457 1076 venulam
463 1067 495 1075 even
502 1063 534 1075 (mm
542 1063 564 1076 the
571 1063 641 1079 beginffing
648 1062 663 1075 or
669 1063 691 1075 un

111 1082 161 1098 senen..
168 1083 193 1095 ...a
199 1082 214 1095 ot
218 1082 243 1095 1212
248 1083 305 1096 mma
311 1083 324 1095 in
330 1083 351 1096 m„
357 1087 385 1096 me
390 1083 405 1096 os
410 1084 427 1096 n.
433 1083 471 1096 eure
476 1085 488 1096 ιι
496 1083 543 1096 mm„
558 1084 581 1096 a„
587 1083 671 1096 Emmm
678 1084 694 1100 as

110 1103 153 1116 Faun-
171 1103 224 1116 Francis
229 1103 298 1120 σανα-ιη,
305 1103 354 1120 nou„
363 1104 398 1120 ¹⁶⁵⁵·

595 1132 647 1144 12—2
