<?xml version="1.0" encoding="UTF-8"?>
<!DOCTYPE html PUBLIC "-//W3C//DTD XHTML 1.0 Transitional//EN"
    "http://www.w3.org/TR/xhtml1/DTD/xhtml1-transitional.dtd">
<html xmlns="http://www.w3.org/1999/xhtml" xml:lang="en" lang="en">
 <head>
  <title>
</title>
<meta http-equiv="Content-Type" content="text/html;charset=utf-8" />
  <meta name='ocr-system' content='tesseract 3.04.00' />
  <meta name='ocr-capabilities' content='ocr_page ocr_carea ocr_par ocr_line ocrx_word'/>
</head>
<body>
  <div class='ocr_page' id='page_1' title='image "./dehierarchiaang00lacegoog_0135.png"; bbox 0 0 794 1248; ppageno 0'>
   <div class='ocr_carea' id='block_1_1' title="bbox 106 89 517 103">
    <p class='ocr_par' dir='ltr' id='par_1_1' title="bbox 106 89 517 103">
     <span class='ocr_line' id='line_1_1' title="bbox 106 89 517 103; baseline -0.002 0"><span class='ocrx_word' id='word_1_1' title='bbox 106 90 137 103; x_wconf 89' lang='lat'>110</span> <span class='ocrx_word' id='word_1_2' title='bbox 269 90 309 103; x_wconf 70' lang='lat' dir='ltr'>CAR</span> <span class='ocrx_word' id='word_1_3' title='bbox 321 90 338 102; x_wconf 88' lang='lat' dir='ltr'>V.</span> <span class='ocrx_word' id='word_1_4' title='bbox 361 90 386 102; x_wconf 78' lang='lat' dir='ltr'>DE</span> <span class='ocrx_word' id='word_1_5' title='bbox 397 89 517 102; x_wconf 72' lang='lat' dir='ltr'>SACERDOTIO.</span> 
     </span>
    </p>
   </div>
   <div class='ocr_carea' id='block_1_2' title="bbox 103 129 686 1114">
    <p class='ocr_par' dir='ltr' id='par_1_2' title="bbox 103 129 686 567">
     <span class='ocr_line' id='line_1_2' title="bbox 104 129 685 151; baseline 0 -6"><span class='ocrx_word' id='word_1_6' title='bbox 104 132 161 151; x_wconf 82' lang='lat' dir='ltr'>potest</span> <span class='ocrx_word' id='word_1_7' title='bbox 166 130 274 146; x_wconf 70' lang='lat' dir='ltr'>traditionem</span> <span class='ocrx_word' id='word_1_8' title='bbox 280 129 428 145; x_wconf 83' lang='lat' dir='ltr'>instrumentorum</span> <span class='ocrx_word' id='word_1_9' title='bbox 435 129 458 145; x_wconf 93' lang='lat' dir='ltr'>ita</span> <span class='ocrx_word' id='word_1_10' title='bbox 464 129 485 145; x_wconf 88' lang='lat' dir='ltr'>ad</span> <span class='ocrx_word' id='word_1_11' title='bbox 491 129 591 145; x_wconf 76' lang='lat' dir='ltr'>sacramenti</span> <span class='ocrx_word' id='word_1_12' title='bbox 596 129 685 145; x_wconf 81' lang='lat' dir='ltr'>essentiam</span> 
     </span>
     <span class='ocr_line' id='line_1_3' title="bbox 107 155 685 176; baseline 0 -5"><span class='ocrx_word' id='word_1_13' title='bbox 107 156 189 176; x_wconf 74' lang='lat' dir='ltr'>pertinere</span> <span class='ocrx_word' id='word_1_14' title='bbox 200 158 223 174; x_wconf 67' lang='lat' dir='ltr'>ut,</span> <span class='ocrx_word' id='word_1_15' title='bbox 234 156 279 176; x_wconf 90' lang='lat' dir='ltr'>quod</span> <span class='ocrx_word' id='word_1_16' title='bbox 292 156 308 171; x_wconf 88' lang='lat' dir='ltr'>in</span> <span class='ocrx_word' id='word_1_17' title='bbox 319 155 395 171; x_wconf 79' lang='lat' dir='ltr'>Ecclesia</span> <span class='ocrx_word' id='word_1_18' title='bbox 406 155 467 171; x_wconf 82' lang='lat' dir='ltr'>Latina</span> <span class='ocrx_word' id='word_1_19' title='bbox 478 160 508 176; x_wconf 87' lang='lat' dir='ltr'>per</span> <span class='ocrx_word' id='word_1_20' title='bbox 517 156 576 171; x_wconf 84' lang='lat' dir='ltr'>decem</span> <span class='ocrx_word' id='word_1_21' title='bbox 587 155 658 173; x_wconf 79' lang='lat' dir='ltr'>saecula.</span> <span class='ocrx_word' id='word_1_22' title='bbox 668 155 685 171; x_wconf 86' lang='lat' dir='ltr'>in</span> 
     </span>
     <span class='ocr_line' id='line_1_4' title="bbox 105 181 685 202; baseline 0.003 -5"><span class='ocrx_word' id='word_1_23' title='bbox 105 181 170 198; x_wconf 78' lang='lat' dir='ltr'>Graeca</span> <span class='ocrx_word' id='word_1_24' title='bbox 180 182 206 197; x_wconf 87' lang='lat' dir='ltr'>vel</span> <span class='ocrx_word' id='word_1_25' title='bbox 218 181 277 201; x_wconf 87' lang='lat' dir='ltr'>adhuc,</span> <span class='ocrx_word' id='word_1_26' title='bbox 287 181 323 197; x_wconf 88' lang='lat' dir='ltr'>sine</span> <span class='ocrx_word' id='word_1_27' title='bbox 335 181 366 197; x_wconf 88' lang='lat' dir='ltr'>hoc</span> <span class='ocrx_word' id='word_1_28' title='bbox 378 182 410 197; x_wconf 86' lang='lat' dir='ltr'>ritu</span> <span class='ocrx_word' id='word_1_29' title='bbox 422 181 505 202; x_wconf 81' lang='lat' dir='ltr'>integrum</span> <span class='ocrx_word' id='word_1_30' title='bbox 517 184 534 197; x_wconf 89' lang='lat' dir='ltr'>et</span> <span class='ocrx_word' id='word_1_31' title='bbox 545 181 620 197; x_wconf 91' lang='lat' dir='ltr'>validum</span> <span class='ocrx_word' id='word_1_32' title='bbox 632 181 685 199; x_wconf 81' lang='lat' dir='ltr'>suerit,</span> 
     </span>
     <span class='ocr_line' id='line_1_5' title="bbox 105 207 685 224; baseline 0 -1"><span class='ocrx_word' id='word_1_33' title='bbox 105 208 141 223; x_wconf 91' lang='lat' dir='ltr'>eius</span> <span class='ocrx_word' id='word_1_34' title='bbox 156 208 246 224; x_wconf 87' lang='lat' dir='ltr'>omissione</span> <span class='ocrx_word' id='word_1_35' title='bbox 261 208 294 224; x_wconf 91' lang='lat' dir='ltr'>iam</span> <span class='ocrx_word' id='word_1_36' title='bbox 311 208 374 224; x_wconf 90' lang='lat' dir='ltr'>irritum</span> <span class='ocrx_word' id='word_1_37' title='bbox 390 207 419 223; x_wconf 84' lang='lat' dir='ltr'>fiat</span> <span class='ocrx_word' id='word_1_38' title='bbox 437 210 564 224; x_wconf 70' lang='lat' dir='ltr'>sacamentum.</span> <span class='ocrx_word' id='word_1_39' title='bbox 595 207 685 223; x_wconf 77' lang='lat' dir='ltr'>Materiam</span> 
     </span>
     <span class='ocr_line' id='line_1_6' title="bbox 105 233 686 255; baseline 0 -6"><span class='ocrx_word' id='word_1_40' title='bbox 105 234 156 254; x_wconf 84' lang='lat' dir='ltr'>igitur</span> <span class='ocrx_word' id='word_1_41' title='bbox 174 234 300 255; x_wconf 71' lang='lat' dir='ltr'>presbyteratus</span> <span class='ocrx_word' id='word_1_42' title='bbox 317 239 354 250; x_wconf 89' lang='lat' dir='ltr'>esse</span> <span class='ocrx_word' id='word_1_43' title='bbox 372 238 432 249; x_wconf 85' lang='lat' dir='ltr'>manus</span> <span class='ocrx_word' id='word_1_44' title='bbox 450 233 574 254; x_wconf 83' lang='lat' dir='ltr'>impositionem</span> <span class='ocrx_word' id='word_1_45' title='bbox 593 233 686 249; x_wconf 87' lang='lat' dir='ltr'>certissimo</span> 
     </span>
     <span class='ocr_line' id='line_1_7' title="bbox 105 259 685 281; baseline -0.002 -5"><span class='ocrx_word' id='word_1_46' title='bbox 105 260 187 276; x_wconf 89' lang='lat' dir='ltr'>aestimat.</span> <span class='ocrx_word' id='word_1_47' title='bbox 210 259 294 281; x_wconf 82' lang='lat' dir='ltr'>Gasparri,</span> <span class='ocrx_word' id='word_1_48' title='bbox 300 260 346 276; x_wconf 83' lang='lat' dir='ltr'>cuius</span> <span class='ocrx_word' id='word_1_49' title='bbox 355 260 486 281; x_wconf 77' lang='lat' dir='ltr'>disputationem</span> <span class='ocrx_word' id='word_1_50' title='bbox 497 260 519 276; x_wconf 85' lang='lat' dir='ltr'>de</span> <span class='ocrx_word' id='word_1_51' title='bbox 529 260 599 275; x_wconf 85' lang='lat' dir='ltr'>materia</span> <span class='ocrx_word' id='word_1_52' title='bbox 607 262 624 275; x_wconf 88' lang='lat' dir='ltr'>et</span> <span class='ocrx_word' id='word_1_53' title='bbox 631 259 685 275; x_wconf 83' lang='lat' dir='ltr'>forma</span> 
     </span>
     <span class='ocr_line' id='line_1_8' title="bbox 105 285 685 306; baseline -0.002 -4"><span class='ocrx_word' id='word_1_54' title='bbox 105 286 210 302; x_wconf 78' lang='lat' dir='ltr'>Sacramenti</span> <span class='ocrx_word' id='word_1_55' title='bbox 218 285 287 302; x_wconf 81' lang='lat' dir='ltr'>Ordinis</span> <span class='ocrx_word' id='word_1_56' title='bbox 295 286 311 301; x_wconf 89' lang='lat' dir='ltr'>in</span> <span class='ocrx_word' id='word_1_57' title='bbox 319 291 380 306; x_wconf 84' lang='lat' dir='ltr'>genere</span> <span class='ocrx_word' id='word_1_58' title='bbox 392 286 425 301; x_wconf 91' lang='lat' dir='ltr'>iam</span> <span class='ocrx_word' id='word_1_59' title='bbox 436 288 486 301; x_wconf 92' lang='lat' dir='ltr'>antea</span> <span class='ocrx_word' id='word_1_60' title='bbox 497 285 589 304; x_wconf 80' lang='lat' dir='ltr'>citavimus,</span> <span class='ocrx_word' id='word_1_61' title='bbox 599 285 637 301; x_wconf 88' lang='lat' dir='ltr'>huic</span> <span class='ocrx_word' id='word_1_62' title='bbox 648 290 685 301; x_wconf 64' lang='lat' dir='ltr'>sen&gt;</span> 
     </span>
     <span class='ocr_line' id='line_1_9' title="bbox 104 311 685 333; baseline 0 -6"><span class='ocrx_word' id='word_1_63' title='bbox 104 312 166 328; x_wconf 81' lang='lat' dir='ltr'>tentiae</span> <span class='ocrx_word' id='word_1_64' title='bbox 174 312 196 328; x_wconf 87' lang='lat' dir='ltr'>de</span> <span class='ocrx_word' id='word_1_65' title='bbox 203 312 320 333; x_wconf 67' lang='lat' dir='ltr'>presbyteratu</span> <span class='ocrx_word' id='word_1_66' title='bbox 328 311 412 327; x_wconf 66' lang='lat' dir='ltr'>adhaeret</span> <span class='ocrx_word' id='word_1_67' title='bbox 432 311 483 327; x_wconf 76' lang='lat' dir='ltr'>Putat</span> <span class='ocrx_word' id='word_1_68' title='bbox 490 311 534 327; x_wconf 85' lang='lat' dir='ltr'>enim</span> <span class='ocrx_word' id='word_1_69' title='bbox 542 312 572 332; x_wconf 83' lang='lat' dir='ltr'>(op.</span> <span class='ocrx_word' id='word_1_70' title='bbox 580 311 605 327; x_wconf 80' lang='lat' dir='ltr'>cit.</span> <span class='ocrx_word' id='word_1_71' title='bbox 613 316 628 327; x_wconf 83' lang='lat' dir='ltr'>n.</span> <span class='ocrx_word' id='word_1_72' title='bbox 637 311 685 331; x_wconf 86' lang='lat'>1079)</span> 
     </span>
     <span class='ocr_line' id='line_1_10' title="bbox 105 337 685 354; baseline -0.002 0"><span class='ocrx_word' id='word_1_73' title='bbox 105 338 191 354; x_wconf 82' lang='lat' dir='ltr'>materiam</span> <span class='ocrx_word' id='word_1_74' title='bbox 207 338 259 354; x_wconf 81' lang='lat' dir='ltr'>totius</span> <span class='ocrx_word' id='word_1_75' title='bbox 274 338 384 354; x_wconf 80' lang='lat' dir='ltr'>ordinationis</span> <span class='ocrx_word' id='word_1_76' title='bbox 399 337 507 354; x_wconf 83' lang='lat' dir='ltr'>sacerdotalis</span> <span class='ocrx_word' id='word_1_77' title='bbox 521 338 569 354; x_wconf 86' lang='lat' dir='ltr'>iuxta</span> <span class='ocrx_word' id='word_1_78' title='bbox 585 338 634 354; x_wconf 89' lang='lat' dir='ltr'>ritum</span> <span class='ocrx_word' id='word_1_79' title='bbox 651 337 685 353; x_wconf 90' lang='lat' dir='ltr'>Ro-</span> 
     </span>
     <span class='ocr_line' id='line_1_11' title="bbox 105 361 684 385; baseline -0.002 -5"><span class='ocrx_word' id='word_1_80' title='bbox 105 369 173 380; x_wconf 83' lang='lat' dir='ltr'>manum</span> <span class='ocrx_word' id='word_1_81' title='bbox 188 369 225 380; x_wconf 77' lang='lat' dir='ltr'>esse</span> <span class='ocrx_word' id='word_1_82' title='bbox 240 364 364 385; x_wconf 81' lang='lat' dir='ltr'>impositionem</span> <span class='ocrx_word' id='word_1_83' title='bbox 380 369 461 380; x_wconf 89' lang='lat' dir='ltr'>manuum</span> <span class='ocrx_word' id='word_1_84' title='bbox 476 361 550 385; x_wconf 75' lang='lat' dir='ltr'>episcopi</span> <span class='ocrx_word' id='word_1_85' title='bbox 564 364 585 380; x_wconf 88' lang='lat' dir='ltr'>ab</span> <span class='ocrx_word' id='word_1_86' title='bbox 599 364 645 380; x_wconf 82' lang='lat' dir='ltr'>initio</span> <span class='ocrx_word' id='word_1_87' title='bbox 658 363 684 379; x_wconf 89' lang='lat' dir='ltr'>vel</span> 
     </span>
     <span class='ocr_line' id='line_1_12' title="bbox 105 390 685 411; baseline 0 -5"><span class='ocrx_word' id='word_1_88' title='bbox 105 390 181 411; x_wconf 81' lang='lat' dir='ltr'>primam,</span> <span class='ocrx_word' id='word_1_89' title='bbox 189 390 215 406; x_wconf 85' lang='lat' dir='ltr'>vel</span> <span class='ocrx_word' id='word_1_90' title='bbox 223 390 292 406; x_wconf 82' lang='lat' dir='ltr'>alteram</span> <span class='ocrx_word' id='word_1_91' title='bbox 300 395 343 411; x_wconf 77' lang='lat' dir='ltr'>quae</span> <span class='ocrx_word' id='word_1_92' title='bbox 352 393 377 406; x_wconf 85' lang='lat' dir='ltr'>est</span> <span class='ocrx_word' id='word_1_93' title='bbox 384 390 489 406; x_wconf 76' lang='lat' dir='ltr'>continuatio</span> <span class='ocrx_word' id='word_1_94' title='bbox 499 390 566 411; x_wconf 82' lang='lat' dir='ltr'>primae.</span> <span class='ocrx_word' id='word_1_95' title='bbox 590 390 638 406; x_wconf 80' lang='lat' dir='ltr'>Haec</span> <span class='ocrx_word' id='word_1_96' title='bbox 646 395 685 405; x_wconf 77' lang='lat' dir='ltr'>vero</span> 
     </span>
     <span class='ocr_line' id='line_1_13' title="bbox 104 416 683 437; baseline -0.002 -5"><span class='ocrx_word' id='word_1_97' title='bbox 104 417 195 432; x_wconf 81' lang='lat' dir='ltr'>dumtaxat</span> <span class='ocrx_word' id='word_1_98' title='bbox 203 416 219 432; x_wconf 86' lang='lat' dir='ltr'>in</span> <span class='ocrx_word' id='word_1_99' title='bbox 230 416 294 432; x_wconf 87' lang='lat' dir='ltr'>theoria</span> <span class='ocrx_word' id='word_1_100' title='bbox 305 416 357 437; x_wconf 82' lang='lat' dir='ltr'>ponit.</span> <span class='ocrx_word' id='word_1_101' title='bbox 380 416 400 432; x_wconf 89' lang='lat' dir='ltr'>In</span> <span class='ocrx_word' id='word_1_102' title='bbox 412 416 461 437; x_wconf 80' lang='lat' dir='ltr'>praxi</span> <span class='ocrx_word' id='word_1_103' title='bbox 471 416 572 432; x_wconf 85' lang='lat' dir='ltr'>tutissimam</span> <span class='ocrx_word' id='word_1_104' title='bbox 583 416 683 432; x_wconf 83' lang='lat' dir='ltr'>sententiam</span> 
     </span>
     <span class='ocr_line' id='line_1_14' title="bbox 103 442 684 463; baseline 0 -5"><span class='ocrx_word' id='word_1_105' title='bbox 103 442 206 463; x_wconf 77' lang='lat' dir='ltr'>sequendam</span> <span class='ocrx_word' id='word_1_106' title='bbox 215 447 251 458; x_wconf 85' lang='lat' dir='ltr'>esse</span> <span class='ocrx_word' id='word_1_107' title='bbox 259 445 321 461; x_wconf 88' lang='lat' dir='ltr'>monet,</span> <span class='ocrx_word' id='word_1_108' title='bbox 329 442 435 463; x_wconf 85' lang='lat' dir='ltr'>cautelasque</span> <span class='ocrx_word' id='word_1_109' title='bbox 446 442 499 458; x_wconf 79' lang='lat' dir='ltr'>varias</span> <span class='ocrx_word' id='word_1_110' title='bbox 510 442 549 458; x_wconf 84' lang='lat' dir='ltr'>iuris</span> <span class='ocrx_word' id='word_1_111' title='bbox 559 442 635 458; x_wconf 84' lang='lat' dir='ltr'>canonici</span> <span class='ocrx_word' id='word_1_112' title='bbox 645 447 684 458; x_wconf 85' lang='lat' dir='ltr'>con-</span> 
     </span>
     <span class='ocr_line' id='line_1_15' title="bbox 104 468 684 489; baseline -0.002 -5"><span class='ocrx_word' id='word_1_113' title='bbox 104 468 157 484; x_wconf 81' lang='lat' dir='ltr'>sultus</span> <span class='ocrx_word' id='word_1_114' title='bbox 168 468 220 487; x_wconf 84' lang='lat' dir='ltr'>addit,</span> <span class='ocrx_word' id='word_1_115' title='bbox 231 468 292 489; x_wconf 84' lang='lat' dir='ltr'>quibus</span> <span class='ocrx_word' id='word_1_116' title='bbox 303 468 353 484; x_wconf 88' lang='lat' dir='ltr'>docet</span> <span class='ocrx_word' id='word_1_117' title='bbox 365 468 489 489; x_wconf 83' lang='lat' dir='ltr'>impositionem</span> <span class='ocrx_word' id='word_1_118' title='bbox 501 473 586 487; x_wconf 89' lang='lat' dir='ltr'>manuum,</span> <span class='ocrx_word' id='word_1_119' title='bbox 597 468 611 484; x_wconf 88' lang='lat' dir='ltr'>si</span> <span class='ocrx_word' id='word_1_120' title='bbox 622 468 684 483; x_wconf 84' lang='lat' dir='ltr'>omissa</span> 
     </span>
     <span class='ocr_line' id='line_1_16' title="bbox 104 494 683 515; baseline -0.002 -5"><span class='ocrx_word' id='word_1_121' title='bbox 104 494 157 513; x_wconf 79' lang='lat' dir='ltr'>fuerit,</span> <span class='ocrx_word' id='word_1_122' title='bbox 170 494 196 510; x_wconf 87' lang='lat' dir='ltr'>vel</span> <span class='ocrx_word' id='word_1_123' title='bbox 210 494 281 515; x_wconf 86' lang='lat' dir='ltr'>primam</span> <span class='ocrx_word' id='word_1_124' title='bbox 293 494 319 510; x_wconf 90' lang='lat' dir='ltr'>vel</span> <span class='ocrx_word' id='word_1_125' title='bbox 331 494 412 513; x_wconf 77' lang='lat' dir='ltr'>ultimam,</span> <span class='ocrx_word' id='word_1_126' title='bbox 423 494 527 514; x_wconf 72' lang='lat' dir='ltr'>supplendam</span> <span class='ocrx_word' id='word_1_127' title='bbox 538 499 579 513; x_wconf 82' lang='lat' dir='ltr'>esse,</span> <span class='ocrx_word' id='word_1_128' title='bbox 590 494 615 510; x_wconf 83' lang='lat' dir='ltr'>sin</span> <span class='ocrx_word' id='word_1_129' title='bbox 627 496 683 510; x_wconf 91' lang='lat' dir='ltr'>autem</span> 
     </span>
     <span class='ocr_line' id='line_1_17' title="bbox 104 520 684 541; baseline -0.002 -5"><span class='ocrx_word' id='word_1_130' title='bbox 104 521 221 541; x_wconf 87' lang='lat' dir='ltr'>praetermissa</span> <span class='ocrx_word' id='word_1_131' title='bbox 229 520 277 536; x_wconf 83' lang='lat' dir='ltr'>suerit</span> <span class='ocrx_word' id='word_1_132' title='bbox 288 521 435 536; x_wconf 83' lang='lat' dir='ltr'>instrumentorum</span> <span class='ocrx_word' id='word_1_133' title='bbox 447 520 515 536; x_wconf 77' lang='lat' dir='ltr'>traditio</span> <span class='ocrx_word' id='word_1_134' title='bbox 525 520 607 541; x_wconf 83' lang='lat' dir='ltr'>integram</span> <span class='ocrx_word' id='word_1_135' title='bbox 618 520 684 536; x_wconf 84' lang='lat' dir='ltr'>ordina-</span> 
     </span>
     <span class='ocr_line' id='line_1_18' title="bbox 104 547 467 567; baseline 0 -5"><span class='ocrx_word' id='word_1_136' title='bbox 104 547 167 563; x_wconf 82' lang='lat' dir='ltr'>tionem</span> <span class='ocrx_word' id='word_1_137' title='bbox 175 547 275 567; x_wconf 72' lang='lat' dir='ltr'>npetcndam</span> <span class='ocrx_word' id='word_1_138' title='bbox 283 552 320 562; x_wconf 82' lang='lat' dir='ltr'>esse</span> <span class='ocrx_word' id='word_1_139' title='bbox 327 547 359 562; x_wconf 86' lang='lat' dir='ltr'>sub</span> <span class='ocrx_word' id='word_1_140' title='bbox 367 547 467 563; x_wconf 30' lang='lat' dir='ltr'>conditione*</span> 
     </span>
    </p>

    <p class='ocr_par' dir='ltr' id='par_1_3' title="bbox 103 573 685 958">
     <span class='ocr_line' id='line_1_19' title="bbox 137 573 684 594; baseline -0.002 -5"><span class='ocrx_word' id='word_1_141' title='bbox 137 573 172 589; x_wconf 78' lang='lat'>16⁷.</span> <span class='ocrx_word' id='word_1_142' title='bbox 195 573 344 589; x_wconf 85' lang='lat' dir='ltr'>Verumenimvero</span> <span class='ocrx_word' id='word_1_143' title='bbox 352 575 398 594; x_wconf 85' lang='lat' dir='ltr'>patet</span> <span class='ocrx_word' id='word_1_144' title='bbox 409 573 439 589; x_wconf 84' lang='lat' dir='ltr'>has</span> <span class='ocrx_word' id='word_1_145' title='bbox 450 573 571 589; x_wconf 82' lang='lat' dir='ltr'>controversias</span> <span class='ocrx_word' id='word_1_146' title='bbox 582 578 591 589; x_wconf 88' lang='lat' dir='ltr'>e</span> <span class='ocrx_word' id='word_1_147' title='bbox 601 575 684 588; x_wconf 84' lang='lat' dir='ltr'>structura</span> 
     </span>
     <span class='ocr_line' id='line_1_20' title="bbox 104 598 684 619; baseline 0 -5"><span class='ocrx_word' id='word_1_148' title='bbox 104 598 206 614; x_wconf 82' lang='lat' dir='ltr'>Pontificalis</span> <span class='ocrx_word' id='word_1_149' title='bbox 212 598 284 614; x_wconf 89' lang='lat' dir='ltr'>Romani</span> <span class='ocrx_word' id='word_1_150' title='bbox 291 599 391 619; x_wconf 89' lang='lat' dir='ltr'>complicata</span> <span class='ocrx_word' id='word_1_151' title='bbox 398 599 479 619; x_wconf 81' lang='lat' dir='ltr'>originem</span> <span class='ocrx_word' id='word_1_152' title='bbox 487 599 562 614; x_wconf 81' lang='lat' dir='ltr'>traxisse.</span> <span class='ocrx_word' id='word_1_153' title='bbox 582 598 631 614; x_wconf 83' lang='lat' dir='ltr'>Ritus</span> <span class='ocrx_word' id='word_1_154' title='bbox 639 599 684 614; x_wconf 89' lang='lat' dir='ltr'>enim</span> 
     </span>
     <span class='ocr_line' id='line_1_21' title="bbox 103 625 684 646; baseline 0 -5"><span class='ocrx_word' id='word_1_155' title='bbox 103 630 112 641; x_wconf 84' lang='lat' dir='ltr'>e</span> <span class='ocrx_word' id='word_1_156' title='bbox 120 625 169 641; x_wconf 79' lang='lat' dir='ltr'>variis</span> <span class='ocrx_word' id='word_1_157' title='bbox 177 625 250 641; x_wconf 79' lang='lat' dir='ltr'>sontibus</span> <span class='ocrx_word' id='word_1_158' title='bbox 258 625 343 641; x_wconf 85' lang='lat' dir='ltr'>derivatus</span> <span class='ocrx_word' id='word_1_159' title='bbox 350 627 379 641; x_wconf 69' lang='lat' dir='ltr'>est⁴</span> <span class='ocrx_word' id='word_1_160' title='bbox 403 625 458 641; x_wconf 84' lang='lat' dir='ltr'>Multa</span> <span class='ocrx_word' id='word_1_161' title='bbox 466 627 570 641; x_wconf 79' lang='lat' dir='ltr'>accesserunt</span> <span class='ocrx_word' id='word_1_162' title='bbox 578 630 621 646; x_wconf 88' lang='lat' dir='ltr'>quae</span> <span class='ocrx_word' id='word_1_163' title='bbox 631 625 684 641; x_wconf 85' lang='lat' dir='ltr'>sancti</span> 
     </span>
     <span class='ocr_line' id='line_1_22' title="bbox 103 651 685 672; baseline 0 -5"><span class='ocrx_word' id='word_1_164' title='bbox 103 651 187 667; x_wconf 81' lang='lat' dir='ltr'>antistites</span> <span class='ocrx_word' id='word_1_165' title='bbox 199 651 312 667; x_wconf 83' lang='lat' dir='ltr'>Ecelesiarum</span> <span class='ocrx_word' id='word_1_166' title='bbox 324 651 423 667; x_wconf 85' lang='lat' dir='ltr'>Latinarum</span> <span class='ocrx_word' id='word_1_167' title='bbox 436 657 466 672; x_wconf 85' lang='lat' dir='ltr'>pro</span> <span class='ocrx_word' id='word_1_168' title='bbox 478 651 525 667; x_wconf 81' lang='lat' dir='ltr'>libito</span> <span class='ocrx_word' id='word_1_169' title='bbox 537 656 567 667; x_wconf 92' lang='lat' dir='ltr'>suo</span> <span class='ocrx_word' id='word_1_170' title='bbox 578 651 685 667; x_wconf 70' lang='lat' dir='ltr'>induxerant.</span> 
     </span>
     <span class='ocr_line' id='line_1_23' title="bbox 103 677 685 698; baseline 0 -5"><span class='ocrx_word' id='word_1_171' title='bbox 103 677 164 693; x_wconf 87' lang='lat' dir='ltr'>Variae</span> <span class='ocrx_word' id='word_1_172' title='bbox 172 677 288 697; x_wconf 76' lang='lat' dir='ltr'>caerimoniae,</span> <span class='ocrx_word' id='word_1_173' title='bbox 296 677 335 693; x_wconf 87' lang='lat' dir='ltr'>varii</span> <span class='ocrx_word' id='word_1_174' title='bbox 345 678 390 696; x_wconf 84' lang='lat' dir='ltr'>ritus,</span> <span class='ocrx_word' id='word_1_175' title='bbox 397 677 444 693; x_wconf 83' lang='lat' dir='ltr'>salva</span> <span class='ocrx_word' id='word_1_176' title='bbox 453 682 518 698; x_wconf 83' lang='lat' dir='ltr'>semper</span> <span class='ocrx_word' id='word_1_177' title='bbox 526 677 620 693; x_wconf 70' lang='lat' dir='ltr'>substantia</span> <span class='ocrx_word' id='word_1_178' title='bbox 631 682 685 693; x_wconf 83' lang='lat' dir='ltr'>saera-</span> 
     </span>
     <span class='ocr_line' id='line_1_24' title="bbox 104 703 684 724; baseline 0 -5"><span class='ocrx_word' id='word_1_179' title='bbox 104 704 161 721; x_wconf 86' lang='lat' dir='ltr'>menti,</span> <span class='ocrx_word' id='word_1_180' title='bbox 176 706 215 724; x_wconf 82' lang='lat' dir='ltr'>post</span> <span class='ocrx_word' id='word_1_181' title='bbox 229 708 291 719; x_wconf 90' lang='lat' dir='ltr'>nonum</span> <span class='ocrx_word' id='word_1_182' title='bbox 306 703 403 724; x_wconf 79' lang='lat' dir='ltr'>praesertim</span> <span class='ocrx_word' id='word_1_183' title='bbox 416 703 501 719; x_wconf 87' lang='lat' dir='ltr'>saeculum</span> <span class='ocrx_word' id='word_1_184' title='bbox 515 703 619 724; x_wconf 83' lang='lat' dir='ltr'>irrepserunt.</span> <span class='ocrx_word' id='word_1_185' title='bbox 643 703 684 719; x_wconf 85' lang='lat' dir='ltr'>Fere</span> 
     </span>
     <span class='ocr_line' id='line_1_25' title="bbox 103 729 684 748; baseline 0 -3"><span class='ocrx_word' id='word_1_186' title='bbox 103 729 161 745; x_wconf 90' lang='lat' dir='ltr'>omnia</span> <span class='ocrx_word' id='word_1_187' title='bbox 175 729 239 745; x_wconf 86' lang='lat' dir='ltr'>Romae</span> <span class='ocrx_word' id='word_1_188' title='bbox 255 729 322 745; x_wconf 82' lang='lat' dir='ltr'>fiebant.</span> <span class='ocrx_word' id='word_1_189' title='bbox 346 729 384 745; x_wconf 87' lang='lat' dir='ltr'>Huc</span> <span class='ocrx_word' id='word_1_190' title='bbox 400 729 456 745; x_wconf 85' lang='lat' dir='ltr'>omnia</span> <span class='ocrx_word' id='word_1_191' title='bbox 471 729 593 748; x_wconf 81' lang='lat' dir='ltr'>confluxerunt,</span> <span class='ocrx_word' id='word_1_192' title='bbox 608 729 652 745; x_wconf 91' lang='lat' dir='ltr'>unde</span> <span class='ocrx_word' id='word_1_193' title='bbox 667 732 684 745; x_wconf 90' lang='lat' dir='ltr'>et</span> 
     </span>
     <span class='ocr_line' id='line_1_26' title="bbox 104 755 683 776; baseline 0 -5"><span class='ocrx_word' id='word_1_194' title='bbox 104 755 155 771; x_wconf 82' lang='lat' dir='ltr'>fluctu</span> <span class='ocrx_word' id='word_1_195' title='bbox 168 755 231 772; x_wconf 85' lang='lat' dir='ltr'>reflexo</span> <span class='ocrx_word' id='word_1_196' title='bbox 242 756 258 771; x_wconf 85' lang='lat' dir='ltr'>in</span> <span class='ocrx_word' id='word_1_197' title='bbox 269 758 333 771; x_wconf 81' lang='lat' dir='ltr'>ceteras</span> <span class='ocrx_word' id='word_1_198' title='bbox 344 755 428 771; x_wconf 86' lang='lat' dir='ltr'>Ecclesias</span> <span class='ocrx_word' id='word_1_199' title='bbox 439 755 559 771; x_wconf 80' lang='lat' dir='ltr'>redundabant.</span> <span class='ocrx_word' id='word_1_200' title='bbox 583 755 656 776; x_wconf 81' lang='lat' dir='ltr'>Ideoque</span> <span class='ocrx_word' id='word_1_201' title='bbox 667 756 683 771; x_wconf 84' lang='lat' dir='ltr'>in</span> 
     </span>
     <span class='ocr_line' id='line_1_27' title="bbox 104 781 683 802; baseline 0 -5"><span class='ocrx_word' id='word_1_202' title='bbox 104 782 182 798; x_wconf 85' lang='lat' dir='ltr'>omnibus</span> <span class='ocrx_word' id='word_1_203' title='bbox 194 781 319 798; x_wconf 80' lang='lat' dir='ltr'>Puntificalibus</span> <span class='ocrx_word' id='word_1_204' title='bbox 332 781 397 797; x_wconf 83' lang='lat' dir='ltr'>Latinis</span> <span class='ocrx_word' id='word_1_205' title='bbox 409 784 447 802; x_wconf 82' lang='lat' dir='ltr'>post</span> <span class='ocrx_word' id='word_1_206' title='bbox 459 782 532 797; x_wconf 87' lang='lat' dir='ltr'>medium</span> <span class='ocrx_word' id='word_1_207' title='bbox 545 786 604 797; x_wconf 87' lang='lat' dir='ltr'>aevum</span> <span class='ocrx_word' id='word_1_208' title='bbox 616 786 683 802; x_wconf 83' lang='lat' dir='ltr'>compa-</span> 
     </span>
     <span class='ocr_line' id='line_1_28' title="bbox 104 807 684 828; baseline -0.002 -4"><span class='ocrx_word' id='word_1_209' title='bbox 104 810 161 824; x_wconf 83' lang='lat' dir='ltr'>rantur</span> <span class='ocrx_word' id='word_1_210' title='bbox 172 813 202 828; x_wconf 84' lang='lat' dir='ltr'>pro</span> <span class='ocrx_word' id='word_1_211' title='bbox 212 807 310 824; x_wconf 85' lang='lat' dir='ltr'>ordinandis</span> <span class='ocrx_word' id='word_1_212' title='bbox 321 807 422 828; x_wconf 79' lang='lat' dir='ltr'>presbyteris</span> <span class='ocrx_word' id='word_1_213' title='bbox 432 810 449 823; x_wconf 86' lang='lat' dir='ltr'>et</span> <span class='ocrx_word' id='word_1_214' title='bbox 459 807 503 823; x_wconf 86' lang='lat' dir='ltr'>trina</span> <span class='ocrx_word' id='word_1_215' title='bbox 511 812 591 823; x_wconf 88' lang='lat' dir='ltr'>manuum</span> <span class='ocrx_word' id='word_1_216' title='bbox 599 807 684 828; x_wconf 80' lang='lat' dir='ltr'>impositio</span> 
     </span>
     <span class='ocr_line' id='line_1_29' title="bbox 104 833 684 854; baseline 0 -5"><span class='ocrx_word' id='word_1_217' title='bbox 104 836 121 850; x_wconf 89' lang='lat' dir='ltr'>et</span> <span class='ocrx_word' id='word_1_218' title='bbox 135 834 283 850; x_wconf 71' lang='lat' dir='ltr'>instrumentorum</span> <span class='ocrx_word' id='word_1_219' title='bbox 297 833 384 854; x_wconf 82' lang='lat' dir='ltr'>porrectio,</span> <span class='ocrx_word' id='word_1_220' title='bbox 397 838 441 854; x_wconf 84' lang='lat' dir='ltr'>quae</span> <span class='ocrx_word' id='word_1_221' title='bbox 454 833 516 852; x_wconf 83' lang='lat' dir='ltr'>omnia,</span> <span class='ocrx_word' id='word_1_222' title='bbox 530 836 548 849; x_wconf 82' lang='lat' dir='ltr'>ut</span> <span class='ocrx_word' id='word_1_223' title='bbox 561 833 621 849; x_wconf 88' lang='lat' dir='ltr'>Morini</span> <span class='ocrx_word' id='word_1_224' title='bbox 633 833 684 849; x_wconf 87' lang='lat' dir='ltr'>verba</span> 
     </span>
     <span class='ocr_line' id='line_1_30' title="bbox 104 859 684 880; baseline 0 -5"><span class='ocrx_word' id='word_1_225' title='bbox 104 862 204 878; x_wconf 85' lang='lat' dir='ltr'>mutuemus,</span> <span class='ocrx_word' id='word_1_226' title='bbox 220 859 299 875; x_wconf 88' lang='lat' dir='ltr'>materiae</span> <span class='ocrx_word' id='word_1_227' title='bbox 315 859 396 875; x_wconf 89' lang='lat' dir='ltr'>rationem</span> <span class='ocrx_word' id='word_1_228' title='bbox 412 859 481 875; x_wconf 87' lang='lat' dir='ltr'>induere</span> <span class='ocrx_word' id='word_1_229' title='bbox 496 861 570 880; x_wconf 84' lang='lat' dir='ltr'>possunt.</span> <span class='ocrx_word' id='word_1_230' title='bbox 600 859 626 875; x_wconf 87' lang='lat' dir='ltr'>Ea</span> <span class='ocrx_word' id='word_1_231' title='bbox 641 864 684 880; x_wconf 87' lang='lat' dir='ltr'>quae</span> 
     </span>
     <span class='ocr_line' id='line_1_31' title="bbox 104 885 684 906; baseline -0.002 -4"><span class='ocrx_word' id='word_1_232' title='bbox 104 886 197 906; x_wconf 85' lang='lat' dir='ltr'>antiquitus</span> <span class='ocrx_word' id='word_1_233' title='bbox 205 886 221 901; x_wconf 83' lang='lat' dir='ltr'>in</span> <span class='ocrx_word' id='word_1_234' title='bbox 229 885 261 901; x_wconf 88' lang='lat' dir='ltr'>ritu</span> <span class='ocrx_word' id='word_1_235' title='bbox 272 885 377 901; x_wconf 84' lang='lat' dir='ltr'>habebantur</span> <span class='ocrx_word' id='word_1_236' title='bbox 387 885 465 901; x_wconf 85' lang='lat' dir='ltr'>virtutem</span> <span class='ocrx_word' id='word_1_237' title='bbox 476 885 615 901; x_wconf 80' lang='lat' dir='ltr'>sacramentalem</span> <span class='ocrx_word' id='word_1_238' title='bbox 626 885 684 901; x_wconf 90' lang='lat' dir='ltr'>etiam-</span> 
     </span>
     <span class='ocr_line' id='line_1_32' title="bbox 104 911 684 932; baseline 0 -5"><span class='ocrx_word' id='word_1_239' title='bbox 104 917 148 928; x_wconf 89' lang='lat' dir='ltr'>nunc</span> <span class='ocrx_word' id='word_1_240' title='bbox 156 911 226 927; x_wconf 88' lang='lat' dir='ltr'>retinere</span> <span class='ocrx_word' id='word_1_241' title='bbox 234 911 267 927; x_wconf 80' lang='lat' dir='ltr'>fere</span> <span class='ocrx_word' id='word_1_242' title='bbox 275 916 334 927; x_wconf 78' lang='lat' dir='ltr'>omnes</span> <span class='ocrx_word' id='word_1_243' title='bbox 342 911 453 927; x_wconf 83' lang='lat' dir='ltr'>consentiunt.</span> <span class='ocrx_word' id='word_1_244' title='bbox 476 911 503 927; x_wconf 92' lang='lat' dir='ltr'>De</span> <span class='ocrx_word' id='word_1_245' title='bbox 513 911 538 927; x_wconf 87' lang='lat' dir='ltr'>his</span> <span class='ocrx_word' id='word_1_246' title='bbox 549 916 592 932; x_wconf 87' lang='lat' dir='ltr'>quae</span> <span class='ocrx_word' id='word_1_247' title='bbox 602 911 684 927; x_wconf 81' lang='lat' dir='ltr'>recentius</span> 
     </span>
     <span class='ocr_line' id='line_1_33' title="bbox 103 937 374 958; baseline -0.004 -5"><span class='ocrx_word' id='word_1_248' title='bbox 103 939 209 954; x_wconf 75' lang='lat' dir='ltr'>accesserunt</span> <span class='ocrx_word' id='word_1_249' title='bbox 216 937 292 958; x_wconf 86' lang='lat' dir='ltr'>quaestio</span> <span class='ocrx_word' id='word_1_250' title='bbox 300 939 374 952; x_wconf 86' lang='lat' dir='ltr'>vexatur.</span> 
     </span>
    </p>

    <p class='ocr_par' dir='ltr' id='par_1_4' title="bbox 104 962 685 1084">
     <span class='ocr_line' id='line_1_34' title="bbox 137 962 684 984; baseline -0.004 -4"><span class='ocrx_word' id='word_1_251' title='bbox 137 963 173 980; x_wconf 74' lang='grc'><strong>168.</strong></span> <span class='ocrx_word' id='word_1_252' title='bbox 195 963 241 984; x_wconf 82' lang='lat' dir='ltr'>Quid</span> <span class='ocrx_word' id='word_1_253' title='bbox 252 968 292 979; x_wconf 81' lang='lat' dir='ltr'>vero</span> <span class='ocrx_word' id='word_1_254' title='bbox 302 963 350 978; x_wconf 87' lang='lat' dir='ltr'>nobis</span> <span class='ocrx_word' id='word_1_255' title='bbox 361 962 460 983; x_wconf 82' lang='lat' dir='ltr'>Anglicanis</span> <span class='ocrx_word' id='word_1_256' title='bbox 470 968 508 978; x_wconf 90' lang='lat' dir='ltr'>cum</span> <span class='ocrx_word' id='word_1_257' title='bbox 518 962 550 978; x_wconf 87' lang='lat' dir='ltr'>hac</span> <span class='ocrx_word' id='word_1_258' title='bbox 560 963 684 979; x_wconf 82' lang='lat' dir='ltr'>controversia?</span> 
     </span>
     <span class='ocr_line' id='line_1_35' title="bbox 104 988 684 1009; baseline -0.002 -4"><span class='ocrx_word' id='word_1_259' title='bbox 104 989 141 1005; x_wconf 88' lang='lat' dir='ltr'>Nos</span> <span class='ocrx_word' id='word_1_260' title='bbox 148 989 193 1005; x_wconf 86' lang='lat' dir='ltr'>enim</span> <span class='ocrx_word' id='word_1_261' title='bbox 201 989 270 1009; x_wconf 85' lang='lat' dir='ltr'>perinde</span> <span class='ocrx_word' id='word_1_262' title='bbox 278 993 297 1004; x_wconf 90' lang='lat' dir='ltr'>ac</span> <span class='ocrx_word' id='word_1_263' title='bbox 305 988 364 1005; x_wconf 84' lang='lat' dir='ltr'>Graeci</span> <span class='ocrx_word' id='word_1_264' title='bbox 373 989 408 1004; x_wconf 90' lang='lat' dir='ltr'>sola</span> <span class='ocrx_word' id='word_1_265' title='bbox 419 993 499 1004; x_wconf 88' lang='lat' dir='ltr'>manuum</span> <span class='ocrx_word' id='word_1_266' title='bbox 511 988 621 1009; x_wconf 86' lang='lat' dir='ltr'>impositione,</span> <span class='ocrx_word' id='word_1_267' title='bbox 631 993 684 1009; x_wconf 88' lang='lat' dir='ltr'>eaque</span> 
     </span>
     <span class='ocr_line' id='line_1_36' title="bbox 104 1014 684 1035; baseline 0 -5"><span class='ocrx_word' id='word_1_268' title='bbox 104 1015 156 1031; x_wconf 77' lang='lat' dir='ltr'>semel</span> <span class='ocrx_word' id='word_1_269' title='bbox 167 1015 216 1033; x_wconf 81' lang='lat' dir='ltr'>sacta,</span> <span class='ocrx_word' id='word_1_270' title='bbox 226 1014 333 1035; x_wconf 80' lang='lat' dir='ltr'>presbyteros</span> <span class='ocrx_word' id='word_1_271' title='bbox 343 1015 445 1030; x_wconf 82' lang='lat' dir='ltr'>ordinamus.</span> <span class='ocrx_word' id='word_1_272' title='bbox 467 1014 541 1030; x_wconf 86' lang='lat' dir='ltr'>Graecas</span> <span class='ocrx_word' id='word_1_273' title='bbox 551 1017 607 1030; x_wconf 84' lang='lat' dir='ltr'>autem</span> <span class='ocrx_word' id='word_1_274' title='bbox 618 1015 684 1030; x_wconf 87' lang='lat' dir='ltr'>ordina-</span> 
     </span>
     <span class='ocr_line' id='line_1_37' title="bbox 104 1040 685 1061; baseline -0.002 -4"><span class='ocrx_word' id='word_1_275' title='bbox 104 1041 158 1057; x_wconf 87' lang='lat' dir='ltr'>tiones</span> <span class='ocrx_word' id='word_1_276' title='bbox 170 1046 220 1057; x_wconf 86' lang='lat' dir='ltr'>nemo</span> <span class='ocrx_word' id='word_1_277' title='bbox 233 1045 308 1061; x_wconf 90' lang='lat' dir='ltr'>unquam</span> <span class='ocrx_word' id='word_1_278' title='bbox 322 1041 338 1056; x_wconf 92' lang='lat' dir='ltr'>in</span> <span class='ocrx_word' id='word_1_279' title='bbox 352 1040 422 1056; x_wconf 90' lang='lat' dir='ltr'>dubium</span> <span class='ocrx_word' id='word_1_280' title='bbox 436 1041 524 1056; x_wconf 78' lang='lat' dir='ltr'>revocavit.</span> <span class='ocrx_word' id='word_1_281' title='bbox 547 1040 620 1057; x_wconf 88' lang='lat' dir='ltr'>Curnam</span> <span class='ocrx_word' id='word_1_282' title='bbox 634 1040 685 1061; x_wconf 83' lang='lat' dir='ltr'>igitur</span> 
     </span>
     <span class='ocr_line' id='line_1_38' title="bbox 104 1066 505 1084; baseline -0.005 0"><span class='ocrx_word' id='word_1_283' title='bbox 104 1068 153 1084; x_wconf 83' lang='lat' dir='ltr'>nobis</span> <span class='ocrx_word' id='word_1_284' title='bbox 160 1067 226 1083; x_wconf 86' lang='lat' dir='ltr'>obiecta</span> <span class='ocrx_word' id='word_1_285' title='bbox 234 1069 260 1083; x_wconf 86' lang='lat' dir='ltr'>est</span> <span class='ocrx_word' id='word_1_286' title='bbox 268 1066 337 1082; x_wconf 83' lang='lat' dir='ltr'>omissio</span> <span class='ocrx_word' id='word_1_287' title='bbox 345 1067 492 1082; x_wconf 87' lang='lat' dir='ltr'>instrumentorum</span> <span class='ocrx_word' id='word_1_288' title='bbox 499 1066 505 1082; x_wconf 83' lang='lat'>?</span> 
     </span>
    </p>

    <p class='ocr_par' dir='ltr' id='par_1_5' title="bbox 138 1092 684 1114">
     <span class='ocr_line' id='line_1_39' title="bbox 138 1092 684 1114; baseline -0.002 -5"><span class='ocrx_word' id='word_1_289' title='bbox 138 1093 244 1114; x_wconf 86' lang='lat' dir='ltr'>Responsum</span> <span class='ocrx_word' id='word_1_290' title='bbox 252 1095 278 1109; x_wconf 83' lang='lat' dir='ltr'>est</span> <span class='ocrx_word' id='word_1_291' title='bbox 286 1093 378 1109; x_wconf 82' lang='lat' dir='ltr'>Ecclesiam</span> <span class='ocrx_word' id='word_1_292' title='bbox 387 1093 500 1113; x_wconf 76' lang='lat' dir='ltr'>Anglicanam</span> <span class='ocrx_word' id='word_1_293' title='bbox 508 1098 544 1108; x_wconf 79' lang='lat' dir='ltr'>esse</span> <span class='ocrx_word' id='word_1_294' title='bbox 553 1095 616 1113; x_wconf 85' lang='lat' dir='ltr'>partem</span> <span class='ocrx_word' id='word_1_295' title='bbox 626 1092 684 1108; x_wconf 90' lang='lat' dir='ltr'>Eccle-</span> 
     </span>
    </p>
   </div>
  </div>
 </body>
</html>
