794 1248
113 92 134 107 88
272 95 312 107 ΕΑΡ.
324 95 347 108 lv.
370 94 395 107 DE
408 94 532 108 1NTENT10NE.

110 133 183 150 dicenda
200 134 289 155 praecepit,
306 134 390 155 propriam
409 139 456 150 suam
475 134 586 151 intentionem
603 134 691 151 intentioni

112 159 198 175 Ecclesiae
211 162 265 175 totam
279 159 348 179 subicit;
364 164 418 180 neque
431 163 511 176 externos
524 163 591 176 tantum
606 163 654 176 actus
669 166 691 176 ex

111 190 158 201 mero
174 186 219 202 iussu
235 186 321 202 Ecclesiae
336 185 406 207 perficit,
421 186 450 202 sed
465 187 521 207 potius
536 189 583 203 actus
599 187 692 203 intentione

111 211 198 228 Ecclesiae
205 212 227 228 ad
235 215 299 228 certum
307 212 357 228 finem
364 212 484 229 determinatos
491 213 620 229 ministerialiter
625 214 692 234 agendo

111 237 192 259 perhibet,
222 238 267 259 Quid
283 240 339 254 autem
355 243 385 259 per
400 238 431 254 hos
449 241 497 255 actus
516 242 596 255 externos
616 239 692 255 Ecclesia

110 263 175 280 efficere
183 264 265 283 intendat,
273 269 302 280 seu
310 269 401 285 quemnam
409 265 459 281 finem
472 270 529 281 revera
539 266 570 281 sibi
581 266 691 286 proposuerit,

110 290 124 306 si
136 291 204 311 quando
216 290 291 306 minister
302 291 329 307 vel
341 292 428 308 nesciverit
441 292 466 308 vel
481 292 524 308 male
538 292 645 311 intellexerit,
657 297 691 308 non

111 316 149 332 ideo
165 316 181 332 in
197 316 260 332 irritum
277 319 313 333 ruet
328 320 457 337 sacramentum,
472 318 510 334 licet
526 318 601 334 minister
616 318 632 334 in
651 323 691 334 casu

111 342 180 358 minime
193 342 270 358 intendat
284 342 300 358 id
314 343 360 363 quod
373 343 446 359 intendit
460 343 539 359 Ecclesia.
562 343 601 359 Non
615 344 660 359 enim
674 344 690 359 in

111 368 178 389 propria
193 373 224 384 sua
239 374 310 389 persona
326 369 366 389 agit,
380 369 410 385 sed
426 369 442 385 in
457 374 528 390 persona
544 370 639 389 Ecclesiae;
654 375 691 386 non

111 394 186 415 proprios
198 399 237 410 suos
248 397 299 414 actus,
311 395 339 410 sed
352 397 399 411 actus
411 395 497 411 Ecclesiae
508 395 582 416 perficit;
595 400 642 416 quos,
649 396 690 412 dum

110 422 167 440 partes
178 420 248 436 ministri
258 422 324 436 tantum
335 420 366 436 sibi
378 420 445 440 tribuat,
453 421 474 436 ab
485 426 506 437 eo
516 421 554 440 fine,
563 426 613 442 quem
624 421 690 442 respicit

112 446 192 466 Ecclesia,
204 451 310 467 nequaquam
322 447 405 463 divertere
416 449 476 468 potest

144 472 180 489 135.
203 472 231 488 An
248 473 298 493 igitur
313 472 353 488 nihil
369 473 405 494 ipse
421 473 506 489 intendit?
532 473 603 489 Videtur
622 473 690 494 quidem

112 498 129 515 S.
137 498 217 518 Thomas,
225 499 261 514 loco
272 499 329 518 citato,
340 499 403 515 nullam
414 504 481 520 prorsus
492 499 594 515 intentionem
605 499 690 515 mentalem

111 525 128 540 in
137 525 213 541 ministro
223 525 310 545 requirere.
333 524 367 541 Sed
378 525 414 546 hocv
420 525 481 541 durius.
506 525 550 541 Nam
561 525 592 541 nisi
603 525 643 546 quid
655 526 690 546 ipse

111 550 128 566 in
144 553 200 566 mente
215 550 310 569 intenderit,
325 553 361 567 tota
375 551 419 566 actio
435 551 451 567 in
467 556 530 567 meram
543 551 689 572 gesticulationem

110 576 164 592 cadet.
187 576 247 592 Omnis
263 576 307 592 enim
323 579 370 592 actus
386 576 474 596 humanus,
487 577 515 597 qui
530 577 547 593 in
561 582 578 593 se
592 577 642 593 finem
656 582 689 593 non

110 602 177 622 habeat,
184 607 214 623 per
221 603 306 623 quandam
315 603 425 619 intentionem
433 603 558 622 determinatur,
568 608 620 624 quam
630 604 690 619 rationi

110 631 157 644 actus
169 634 260 649 congruam
275 634 311 645 esse
322 631 393 650 oportet.
416 629 462 650 Ergo
475 632 523 645 actus
535 629 647 645 ministerialis
660 635 690 650 per

109 654 220 670 intentionem
229 655 354 671 ministerialem
362 655 486 671 determinatur.
510 655 624 671 Intentionem
633 658 690 671 autem

110 681 235 697 ministerialem
251 681 313 697 habere
328 681 369 696 nihil
386 681 431 697 aliud
447 684 472 697 est
491 686 542 702 quam
561 681 646 702 propriam
665 681 690 697 in-

110 707 203 723 tentionem
223 707 312 722 intentioni
331 707 398 722 alterius
417 707 495 723 subicere.
526 707 587 727 Neque
605 707 690 723 ullatenus

110 738 178 749 necesse
192 735 218 749 est
234 735 252 749 ut
267 733 343 749 minister
357 733 401 749 hanc
415 733 484 749 alterius
497 733 600 749 intentzhnem
614 733 640 749 vel
654 733 690 754 ipse

110 759 171 775 habeat
179 759 205 775 vel
213 759 264 775 etiarn
273 759 360 780 intelligat.
384 759 404 775 ld
412 764 464 775 unum
472 759 560 780 requiritur
568 762 586 775 ut
594 759 639 780 quod
647 759 690 775 alter

110 785 145 801 fieri
153 786 197 805 velit,
204 786 283 806 quicquid
292 786 318 804 sit,
326 786 342 801 id
351 786 386 806 ipse
394 785 449 801 facere
457 786 538 801 intendat
558 785 618 806 Itaque
625 786 639 801 si
647 790 690 806 quos

110 814 157 827 actus
168 814 248 827 externos
259 811 302 827 alter
313 811 418 832 proposuerit
430 811 491 832 quibus
505 811 521 827 id
536 811 581 832 quod
597 811 690 827 intenditur

110 837 195 856 efficiatur,
203 837 278 853 minister
285 837 334 853 simul
343 837 368 853 his
376 838 442 853 actibus
450 837 542 858 perhibitis,
553 837 584 853 nisi
596 837 666 853 fortasse
675 838 689 853 si

110 868 139 879 eos
150 863 243 879 inefficaces
254 868 291 879 esse
302 868 333 884 pro
345 863 471 884 persuasissimo
483 863 565 882 habuerit,
578 863 689 879 intentionem

109 894 157 904 suam
166 888 291 904 ministerialem
299 888 390 909 perfecerit.
414 889 492 910 Namque
500 889 610 905 intentionem
621 889 690 905 alterius

110 917 146 931 tum
154 915 211 930 debito
221 919 267 930 more
278 914 361 935 expressit
372 917 408 930 turn
419 917 500 935 quantum
512 915 528 931 in
540 920 558 931 se
568 917 594 931 est
604 915 689 931 efficacem

110 940 186 957 reddidit
209 940 262 961 Atqui
281 940 303 956 ad
318 940 422 956 conficienda
439 944 544 957 sacramenta
558 942 627 962 quidam
642 944 690 957 actus

109 967 175 983 externi
185 967 207 983 ab
218 967 293 983 Ecclesia
304 970 425 987 proponuntur,
436 972 506 988 quorum
519 968 602 984 efficaciae
614 968 689 984 diffidere

110 993 161 1009 nefas,
185 993 222 1009 Hos
230 993 281 1014 igitur
288 994 301 1009 si
310 993 385 1009 minister
392 994 497 1013 sacramenti,
505 994 533 1015 qui
541 997 558 1010 et
567 994 652 1010 Ecclesiae
660 999 689 1010 seu

109 1020 165 1041 potius
180 1020 231 1040 ipsius
247 1019 309 1036 Christi
328 1020 413 1036 Ecclesiae
432 1020 500 1036 Domini
520 1021 600 1039 minister,
618 1020 690 1037 fideliter

109 1046 208 1065 adhibuerit,
216 1046 326 1062 intentionem
334 1046 418 1062 Ecclesiae
424 1046 465 1062 satis
471 1047 559 1067 exprimet,
565 1049 689 1063 sacramentum

109 1073 145 1089 sine
153 1073 204 1089 dubio
212 1072 293 1092 conficiet,
303 1073 348 1094 quod
359 1072 399 1089 facit
409 1073 484 1089 Ecclesia
495 1079 533 1089 vere
543 1073 627 1094 perficiet;
639 1074 690 1094 idque

109 1100 124 1115 vi
134 1104 173 1115 suae
181 1099 278 1115 intentionis
287 1099 400 1115 ministerialis
408 1101 462 1115 totum
471 1100 580 1120 comparabit.
