794 1248
116 99 138 116 92
276 100 315 112 CAR
328 100 352 113 lv.
376 100 401 113 DE
413 100 536 114 1NTENT10NE.

115 138 171 158 debet,
186 139 273 160 requiritur
287 142 304 155 et
319 139 379 156 sufficit
394 141 416 156 ad
432 141 505 157 valorem
521 142 626 160 sacramenti,
641 144 659 158 ut
678 142 696 158 in

115 165 180 185 confuso
193 167 214 184 et,
228 167 245 181 ut
259 165 323 184 dicitur,
336 165 417 182 reductive
432 166 507 183 minister
520 167 537 183 in
551 172 622 188 persona
634 167 695 184 Christi

115 196 165 212 agere
175 191 219 210 velit,
229 197 257 207 seu
269 194 287 208 ut
298 192 347 208 ritum
358 194 375 208 et
384 192 439 213 aliquo
450 193 496 209 modo
502 198 535 214 qua
545 198 609 209 sacrum
617 199 696 210 exercere

115 217 196 236 intendat,
204 223 258 238 neque
268 219 350 234 contraria
360 219 417 240 aliqua
428 219 514 236 voluntate
525 220 596 241 positive
606 220 648 236 nolit
656 225 694 236 eum

114 248 147 264 qua
161 249 172 259 a
188 243 252 260 Chn'sta
267 244 361 260 institutum
375 245 467 265 peragere.'¹
498 245 574 266 Itemque
590 246 606 261 in
621 245 695 266 pleniore

115 270 190 286 eiusdem
203 271 306 291 quaestionis
319 271 433 292 explicatione
446 271 487 287 haec
500 272 553 288 addit.
575 272 625 288 “Etsi
640 272 695 293 aliquo

115 296 166 312 modo
174 296 249 312 minister
256 298 274 312 ut
283 296 344 313 Christi
355 297 469 313 mandatarius
479 303 528 318 agere
536 300 587 319 atque
595 303 644 319 agere
652 298 695 314 velle

114 322 169 342 debet,
175 325 231 338 tamen
239 323 265 343 (ι)
273 328 305 339 non
315 323 406 344 requiritur,
411 326 429 339 ut
437 323 512 340 minister
520 324 583 340 reflexe
590 327 607 340 et
615 329 694 345 expresse

114 349 191 365 intendat
201 354 250 370 agere
261 349 328 365 nomine
336 349 409 366 Christi:
421 350 437 366 S.
446 350 497 371 Alph.
506 355 521 366 n.
530 354 548 366 21
559 353 575 366 et
584 355 615 370 22;
626 350 652 371 (2)
660 356 693 366 non

114 375 206 396 requiritur,
225 378 243 392 ut
262 376 338 392 minister
358 381 438 397 expresse
457 377 533 393 intendat
555 382 605 397 agere
627 377 694 393 nornine

115 401 199 418 Ecclesiae
218 402 314 421 catholicae,
329 407 357 418 seu
377 405 395 418 ut
415 403 490 419 Ecclesia
509 403 591 419 catholica
606 403 633 424 agi
649 403 694 419 vult:

114 427 131 444 S.
146 427 195 448 Aiph.
209 428 230 444 ib.
253 428 294 444 Sine
307 428 358 444 dubio
371 428 409 444 illae
423 429 523 445 intentiones
537 429 611 450 optimae
624 431 664 445 sunt
676 431 693 445 et

113 453 266 470 sufficientissimae.
290 453 323 474 Qui
333 459 373 470 vero
383 454 420 470 illas
430 454 532 470 intentiones
542 459 575 470 non
584 457 650 470 tantum
659 460 693 471 nun

113 485 193 500 expresse
203 479 276 498 haberet,
286 479 316 495 sed
326 484 336 495 e
346 480 429 496 contrario
440 485 468 496 eas
478 480 550 501 positiva
559 483 577 496 et
587 480 693 501 praevalente

113 506 200 522 voluntate
218 505 320 524 excluderet,
335 505 348 521 is
364 506 421 526 utique
436 509 559 522 sacramentum
575 506 638 522 nullum
654 511 693 522 con—

113 531 179 548 ficeret:
191 536 230 547 nam
241 531 265 547 sie
276 531 353 550 volendo,
364 536 393 547 seu
405 531 461 552 potius
472 531 550 551 nolendo,
560 537 623 548 omnem
634 532 692 548 volun-

113 560 165 574 tatem
179 563 197 573 se
209 557 278 578 gerendi
291 560 310 573 ut
323 557 384 574 Christi
398 558 521 574 mandatarium
535 561 552 574 et
564 558 692 574 instrumentum

112 584 215 603 excluderet,
226 584 249 600 ita
263 586 281 600 ut
295 589 315 600 ne
329 584 413 600 reductive
426 584 494 605 quidem
508 589 545 600 eam
558 584 630 600 haberet.
653 584 693 605 Quo

113 610 164 629 fieret,
171 613 189 626 ut
201 610 245 626 actio
256 610 285 626 illa
296 612 371 626 maneret
382 615 427 626 mere
439 610 505 626 inermis
517 612 534 626 et
545 610 635 626 materialis
647 610 692 630 ritus,

112 637 140 658 qui
151 642 161 653 a
172 637 209 653 Deo
220 639 238 653 ut
249 637 293 653 actio
303 642 313 652 a
321 636 388 653 Christo
398 642 428 657 per
435 642 485 653 suum
493 637 587 653 ministrum
595 637 650 657 posita
658 642 691 653 non

112 666 226 679 assumeretur.
249 663 307 683 Atque
321 662 363 678 adeo
377 667 398 678 ne
411 662 439 678 illa
454 663 522 683 quidem
538 662 609 678 intentio
622 663 691 679 omnino

112 689 204 710 requiritur,
214 694 247 709 qua
258 689 298 704 velit
310 688 385 704 minister
396 694 475 704 exercere
486 689 541 707 ritum,
551 693 602 709 quem
614 689 650 709 ipse
661 694 691 709 pro

112 720 159 731 sacro
170 718 187 731 et
198 716 261 736 gratiae
273 715 335 731 efficaci
347 715 402 734 habet,
410 715 461 731 modo
473 715 512 731 velit
524 720 562 731 eum
575 715 629 734 ritum,
641 720 691 736 quem

111 742 142 758 scit
155 742 177 758 ab
190 741 226 758 aliis
240 741 296 757 haberi
310 747 340 762 pro
351 746 403 760 sacro,
415 742 438 757 ita
450 747 533 762 peragere,
545 742 568 758 uti
580 742 602 757 ab
613 742 649 757 aliis
661 747 692 763 pro

111 773 159 784 sacro
170 768 255 784 habeatur.
280 768 298 784 ld
311 773 333 784 ex
344 770 389 784 certa
401 771 418 784 et
429 768 513 784 constanti
525 768 573 789 praxi
587 770 603 784 et
615 768 691 784 doctrina

112 794 197 810 Ecclesiae
207 794 273 810 eruitur.
297 794 393 814 Numquam
404 794 448 809 enim
459 796 527 814 propter
534 799 571 810 earn
580 793 632 809 solam
641 794 691 810 ratio-

111 825 150 836 nern
161 825 175 836 v.
188 825 202 841 g.
215 820 317 840 baptismum
329 820 399 838 iteravit,
410 822 439 835 aut
453 820 508 835 iterari
520 819 600 840 permisit,
611 820 657 840 quod
669 820 691 836 ab

111 846 198 862 haereticis
205 848 234 861 aut
242 845 336 861 infidelibus
344 845 414 861 collatus
424 847 472 864 esset,
480 845 508 866 qui
516 845 550 861 vim
559 848 575 861 et
583 845 690 862 sanctitatem

111 872 189 893 baptismi
200 877 234 888 non
242 875 355 892 agnoscerent.
379 872 417 888 Hac
425 872 447 888 de
455 877 472 888 re
479 872 543 892 optime
554 871 616 888 Suarez
623 871 643 887 de
649 877 690 888 sacr.

110 898 152 919 disp.
163 902 186 918 13,
196 900 235 914 sect.
244 902 263 913 2:
275 898 378 913 ‘Dicendum
389 900 419 916 est,
427 898 486 918 requiri
498 898 607 914 intentionem
619 897 690 914 faciendi

110 927 233 940 sacramentum
239 924 265 940 ve!
273 924 304 939 sub
312 924 343 939 hoc
351 926 438 944 conceptu,
443 924 468 940 vel
477 924 508 940 sub
516 924 572 945 aliqua
580 924 643 940 ratione
651 929 690 940 eon·

111 950 147 966 susa
157 953 174 966 et
184 950 268 966 communi
276 955 305 965 seu
313 949 429 970 aequivalenti.
437 955 458 965 sc.
467 950 571 966 intendendo
578 949 636 969 facere,
644 950 690 971 quod

111 977 186 993 Christus
202 976 277 995 instituit,
292 976 318 992 vel
333 976 377 997 quod
391 976 483 992 Chn'stc'ani
496 976 568 997 faciunt,
583 976 610 992 vel
626 976 692 997 aliquid

110 1003 173 1019 simile:
184 1002 254 1023 quilibet
262 1002 306 1018 enim
314 1007 336 1018 ex
345 1002 370 1018 his
381 1002 435 1018 modis
446 1002 544 1018 intentionis
551 1002 615 1023 absque
623 1004 690 1018 contro-

110 1029 164 1045 versia
174 1028 238 1047 sufficit,
246 1031 263 1044 et
274 1028 340 1048 reperiri
351 1030 407 1049 potest
416 1028 432 1043 in
443 1028 527 1043 haeretico
538 1028 564 1044 vel
574 1028 608 1043 alio
618 1027 690 1044 infideli!

110 1055 167 1076 Quare
174 1054 210 1071 sola
217 1054 290 1070 haeresis
296 1054 322 1070 vel
330 1054 419 1070 infidelitas
423 1057 454 1075 per
459 1059 475 1070 st
481 1059 566 1074 nunquam
574 1056 600 1070 est
606 1054 690 1070 sufficiens

110 1081 152 1097 ratio
167 1081 188 1097 de
203 1080 296 1096 intentione
311 1080 390 1100 requisita
404 1080 503 1099 dubitandi;
520 1082 538 1095 at
552 1080 566 1095 si
580 1079 613 1096 alia
628 1079 689 1095 indicia

109 1107 195 1126 accedunt,
208 1108 226 1122 ut
237 1106 294 1122 odium
307 1105 397 1122 Christiani
410 1105 486 1124 nominis,
497 1106 542 1127 quod
554 1111 583 1126 eig⁴
592 1105 608 1121 in
620 1105 689 1121 homine
