794 1248
117 93 140 113 96
278 97 318 109 CAP,
330 96 353 109 lv.
377 97 402 109 DE
414 96 539 110 ΙΝΊΊΞΝἸΊΟΝΕΔ

151 135 187 152 148.
210 135 294 152 Auctor-es
302 136 391 152 citavimus
401 136 470 152 mirifice
477 138 495 152 ut
503 136 527 152 ait
538 136 648 152 Bellarminus
655 136 699 153 inter

118 167 137 178 se
151 162 279 179 consentientes.
309 162 347 178 Imo
362 162 425 179 eisdem
441 163 475 179 sere
489 162 544 179 verbis
557 163 648 179 sententias
664 168 698 179 non

118 193 156 204 raro
169 188 228 205 ferunt.
252 189 280 205 Ex
294 189 320 205 his
333 189 411 205 omnibus
426 189 467 210 quid
482 189 591 210 colligemus?
614 189 639 205 Ea
654 194 698 210 quae

117 214 139 230 ad
148 219 217 235 scopum
228 216 303 230 nostrum
312 215 395 235 pertinent
404 215 420 231 in
431 215 554 236 propositiones
565 215 640 236 redigere
647 220 697 231 cona-

117 240 176 256 bimur⁴
199 240 314 261 Supponimus
327 241 344 257 in
357 241 433 262 quolibet
446 246 485 257 casu
498 242 585 258 materiam
597 244 614 258 et
626 241 697 258 sormam

117 267 223 283 essentialem
235 267 257 283 ab
268 267 329 283 idoneo
340 267 417 284 ministro
429 267 508 284 adhiberi.

150 292 175 313 (1)
198 293 275 309 Minister
286 293 386 309 sacramenti
401 296 419 309 ut
432 295 494 309 rectam
510 294 620 310 intentionem
635 294 697 310 habeat

118 323 151 334 non
163 319 214 335 debet
225 319 319 335 necessario
331 319 418 335 intendere
430 319 446 335 id
459 320 503 340 quod
516 319 592 336 Ecclesia
603 320 679 336 intendit.

149 344 175 365 (2)
197 344 236 360 Non
247 344 298 360 debet
308 345 402 361 necessario
411 345 497 361 intendere
508 345 524 362 id
536 345 589 362 facere
601 346 646 366 quod
658 345 698 362 sadt

117 370 193 386 Ecclesia
201 370 283 386 Romana⁴

149 396 175 417 (3)
197 396 243 413 Satis
261 399 287 412 est
302 401 340 412 eum
357 396 444 412 intendere
460 397 476 413 id
492 397 546 413 faeere
561 397 606 418 quod
622 397 697 413 Ecclesia

116 422 173 443 aliqua
186 422 294 443 particularis,
307 427 358 443 quam
374 423 409 443 ipse
424 425 473 444 putet
487 428 524 439 esse
539 424 632 440 membrum
648 429 697 440 verae

117 449 202 465 Ecclesiae
214 449 315 467 universalis,
327 449 380 465 facere
392 449 438 465 solet.

149 475 174 496 (4)
197 475 236 491 Non
248 475 336 496 requiritur
348 477 367 491 ut
380 475 456 491 minister
469 475 519 492 ritum
530 475 602 492 celebret
616 478 696 496 tanquam

116 506 186 517 sacrum*

149 527 173 548 (5)
196 526 286 543 Ordinatio
293 526 337 542 valet
348 526 362 542 si
370 526 446 542 minister
453 527 484 543 sub
493 527 548 548 aliqua
556 527 620 543 ratione
627 527 697 544 confusa

116 553 206 569 intenderit
214 552 268 568 facere
276 552 321 573 quod
330 552 406 568 Christus
415 552 490 569 instituit*

149 579 174 600 (6)
197 578 287 595 Ordinatio
297 578 341 594 valet
352 578 365 594 si
377 579 453 595 minister
462 579 555 595 intentione
567 579 639 600 generali
650 579 696 595 volu-

116 605 147 622 erit
162 606 228 621 ordines
246 605 321 621 conferre
340 610 382 626 quos
398 605 452 621 solent
471 605 545 622 conferre
561 606 655 625 Christiani,
670 606 696 622 vel

116 632 179 652 aliquid
191 631 249 647 simile.

149 657 175 678 (7)
197 657 286 674 Ordinatio
302 657 346 673 valet
365 657 431 673 etiamsi
451 657 526 673 minister
541 658 604 674 nesciat
619 658 659 678 quid
674 658 697 674 sit

116 684 169 702 Ordo,
179 683 205 699 vel
217 684 262 699 unde
273 684 300 702 sit,
311 683 404 699 dummodo
415 683 491 699 ordinare
503 683 596 700 intenderit.

149 710 174 730 (8)
196 709 286 726 Ordinatio
301 709 345 725 valet
360 709 426 725 etiamsi
441 710 516 726 minister
531 710 602 726 noluerit
617 712 636 726 ut
651 711 697 729 ritus,

116 741 166 756 quem
178 738 250 754 exercet,
261 737 386 751 sacramentum
398 735 420 751 sit
431 735 457 751 vel
469 736 540 756 gratiam
552 735 631 752 conserat.

149 762 174 782 (9)
196 761 294 778 Generatim
308 762 392 782 loquendo
405 762 487 778 contraria
501 762 572 778 intentio
586 765 648 778 rectam
662 768 696 778 non

115 788 191 804 excludit
204 788 235 803 nisi
249 788 324 804 minister
337 790 375 804 actu
389 787 480 804 voluntatis
495 793 576 809 expresso
591 790 608 804 et
624 788 697 809 positivo

116 819 173 829 seeum
188 814 270 833 statuerit,
283 813 326 830 Nolo
338 813 419 833 ordinare,
432 815 461 829 aut
474 814 506 829 sub
519 813 608 834 hypothesi
621 814 697 830 veritatis

116 840 220 859 sacramenti,
232 839 275 855 Nolo
285 842 404 856 sacramentum
417 839 487 856 Ordinis
497 840 573 861 conficere.

146 900 178 916 111⁴
201 900 227 916 De
238 900 308 916 Barlom'
317 900 419 921 aliorumque
429 900 560 921 Anglicanorum
571 900 664 917 Intentiane.

149 943 185 960 149.
209 943 241 959 His
256 943 307 964 igitur
324 944 411 964 perpensis
427 943 492 960 Barlovi
508 949 565 960 casum
584 944 697 965 exploremus.

116 970 159 991 Quis
170 973 227 986 autern
238 970 295 986 credat
306 975 349 988 eum,
361 970 401 986 dum
416 970 506 986 Parkerum
520 973 628 990 consecraret,
639 976 696 986 secum

116 999 179 1012 secreto
191 996 269 1012 statuisse
280 996 323 1012 Nulo
335 996 436 1012 consecrare?
458 996 501 1017 Quis
512 997 569 1012 credat
580 1002 623 1016 eum,
635 1002 696 1018 suppo-

116 1023 172 1038 nendo
182 1023 228 1043 quod
239 1027 286 1038 sacra
293 1022 377 1038 ordinatio
385 1027 443 1038 verum
453 1022 475 1038 sit
482 1025 610 1041 sacramentum,
618 1023 697 1039 statuisse

116 1048 159 1064 Nolo
172 1048 222 1064 istum
237 1050 356 1064 sacramentum
369 1048 454 1069 conficere?
477 1047 511 1064 Cur
522 1048 591 1064 tandem
603 1050 698 1064 assumatur

116 1079 155 1090 eum
166 1074 182 1090 in
194 1076 250 1090 mente
260 1074 301 1090 talia
311 1074 394 1095 gessisse?
417 1076 425 1082 “
430 1074 455 1090 At
463 1074 477 1090 si
484 1074 506 1090 de
513 1074 539 1090 his
547 1074 637 1095 cogitasset
646 1074 697 1090 talem

117 1101 227 1116 intentionem
243 1101 343 1116 contrariam
359 1105 426 1121 prorsus
443 1100 542 1117 habuisset-”
569 1100 697 1121 Respondemus
