794 1248
178 97 312 110 SACERDOTwM
325 97 346 109 IN
358 96 471 109 EPISCOFATU
484 96 608 109 CONTENTUM.
655 96 683 113 105

106 136 162 157 potius
175 139 226 152 tetum
240 139 265 152 est
278 136 325 152 cuius
337 141 375 156 pars
386 138 412 152 est
424 135 554 156 presbyteratus.
577 135 686 156 Quapropter

106 167 137 178 nec
150 162 239 183 requiritur
251 163 268 178 in
282 162 357 178 subiecto
372 161 496 182 presbyteratus
512 166 566 182 neque
581 161 608 177 alii
623 161 686 182 gradus

106 188 196 207 inferiores,
206 193 240 209 quo
249 188 305 204 valide
316 188 333 204 in
345 187 442 208 episcopum
454 189 563 203 consecretur.
587 187 613 203 Ita
624 187 686 203 sentire

106 214 189 235 principes
199 214 242 230 inter
252 214 326 230 eruditos
336 214 353 229 in
364 213 492 234 antiquitatibus
502 213 618 229 ecclesiasticis
629 215 686 229 monet

106 240 185 261 Gasparri
196 240 226 261 (op.
236 240 262 256 cit.
273 245 288 256 n.
300 239 332 260 24),
343 239 372 260 qui
385 242 402 255 et
414 240 450 260 ipse
462 239 581 255 animadvertit
593 239 686 260 Apostolos

106 272 116 282 a
128 266 196 283 Christo
207 266 282 282 Domino
294 266 382 287 episcopos
394 266 501 287 presbyteros
512 266 592 282 diaconos
605 271 638 282 uno
652 266 686 282 ictu

106 292 157 308 fuisse
165 293 269 309 constitutos.
290 293 333 308 Item
343 292 373 309 SS.
382 292 452 308 Paulum
460 294 477 308 et
486 292 586 311 Bai-naham¹
594 292 686 308 secundum

107 318 124 334 id
136 319 181 339 quod
194 318 254 339 leg-itur
265 318 281 334 in
296 318 344 334 Actis
359 318 480 339 Apostolorum
494 318 529 337 xiii,
543 322 557 338 3,
570 318 606 334 sine
619 318 686 339 praevia

107 344 212 360 ordinatione
223 344 311 365 episcopos
322 346 428 360 oonsecratos
438 344 489 360 fuisse
499 344 588 360 verisimile
598 346 627 360 est.
650 344 687 360 Nee

107 370 161 391 primo
173 370 240 391 quidem
252 371 323 391 gradum
335 370 466 391 presbyteralem
481 371 554 386 medium
568 371 611 386 inter
624 370 687 391 episco-

108 398 166 417 patum
174 398 191 412 et
197 396 304 412 diaconatum
311 396 417 412 constituisse
423 396 500 412 videntur
506 395 590 417 Apostoli,
596 396 625 412 sed
632 396 687 417 potius

108 421 176 442 plenum
184 421 296 437 sacerdotium
305 421 328 436 eis
336 420 419 439 omnibus,
427 421 455 441 qui
465 421 481 436 in
493 421 510 437 S.
518 421 604 441 Scriptum
614 421 687 442 episcopi

107 452 137 463 seu
145 447 237 468 presbyteri
246 446 359 463 indifferenter
365 449 487 467 nuncupantur,
492 446 586 462 contulisse.
607 446 626 462 In
635 446 687 467 Epist.

107 473 129 489 ad
142 473 200 489 Titum
214 473 223 492 i,
236 476 244 492 5
254 472 345 493 presbyteri
356 474 422 488 tantum
434 475 558 491 memorantur;
572 473 588 488 in
601 472 653 493 Epist.
665 473 687 488 ad

107 499 216 515 Timotheum
224 499 279 519 prima
286 498 308 517 iii,
318 498 481 518 1-1oepiscqoorum
488 500 554 514 tantum
560 500 577 514 et
582 498 687 514 diaconomm

108 525 172 541 mentio
180 524 208 544 fit;
219 524 288 540 maiores
298 526 339 540 natu
349 523 395 544 (wile
405 523 538 545 πρεσβυτέρους)
548 526 628 544 tanquam
640 529 688 540 veros

107 551 183 571 episcopos
196 551 246 572 pleno
260 551 295 566 iure
309 550 393 566 Milesiam
407 550 500 566 Ecclesiam
512 550 576 566 rexisse
587 552 654 566 constat
665 556 688 566 ex

109 576 147 593 Act.
155 576 215 597 Apost.
224 582 254 596 xx,
267 580 290 596 17,
302 576 326 592 28.
350 575 427 596 Epistola
438 576 460 591 ad
472 576 587 597 Philippenses
597 576 688 592 “omnibus

108 602 170 618 sanetis
182 602 199 617 in
210 601 278 618 Christo
289 601 334 622 Jesu,
346 602 374 622 qui
386 604 426 617 sunt
439 601 520 622 Philippis
533 607 571 617 cum
584 602 659 622 episcopis
671 604 689 618 et

108 628 214 644 diaconibus¹¹
227 627 308 648 dirigitur.
332 627 402 643 Necnon
417 627 434 644 S.
448 627 530 647 clemens,
544 628 572 649 qui
586 628 688 649 apostolicae

109 659 182 674 praxeos
197 653 244 669 testis
259 654 334 674 optimus
349 655 411 673 exstat,
426 653 449 669 ait
464 653 550 674 apostolos
566 659 595 674 per
613 654 688 675 regiones

109 679 178 695 verbnm
192 679 307 699 praedicantes
320 678 396 699 episcopo:
407 681 423 694 et
433 678 508 694 diaconos
520 679 630 698 constituisse,
643 679 688 695 nulla

108 705 170 726 gradus
179 705 229 721 medii
237 705 282 721 sacta
289 705 375 720 mentione
382 704 397 725 (ι
409 705 440 725 Ep.
448 704 469 720 ad
478 704 515 720 Cor.
525 705 559 725 42).
581 705 630 721 Talia
640 707 688 721 notat

109 731 193 752 Gasparri‚
201 733 217 747 et
225 731 269 746 hanc
279 731 375 751 opinionem
386 730 473 746 existimat
483 736 519 746 esse
529 736 568 747 vere
579 731 688 752 probabilem,

109 759 145 773 tum
159 757 258 773 intrinsecus
273 759 308 773 turn
325 757 429 773 extrinsecus
445 759 514 777 propter
529 759 555 773 tot
570 759 689 778 tantorumque

109 784 202 802 doctorum,
209 788 251 804 quos
259 783 313 801 refert,
322 783 444 799 auctoritatem.

142 809 178 826 1³7.
201 809 251 830 Quod
265 809 279 825 si
293 809 361 830 plenum
374 809 486 825 sacerdotium
500 809 516 825 in
530 809 583 829 gradu
596 809 687 830 episcopali

109 835 185 851 diaconis
197 835 223 851 vel
237 835 288 851 etiam
302 835 347 850 laicis
361 834 431 851 conferri
446 837 506 856 potest,
519 835 619 856 principium
632 840 642 851 a
655 841 689 856 quo

110 864 146 877 tota
156 861 219 882 pendet
226 861 303 880 obiectiO,
311 866 362 881 quam
370 861 473 880 discutimus,
481 861 497 877 in
506 861 570 877 irritum
578 861 627 877 eadit.
650 861 689 877 Non

110 887 141 903 hac
155 887 219 903 ratione
231 887 303 903 cessavit
318 887 424 907 episcopatus
439 887 548 908 Anglicanus.
572 887 652 908 Episcopi
667 887 689 903 ab

110 913 147 929 aliis
155 913 244 934 Episcopis
252 913 283 929 rite
290 912 387 932 consecrati,
396 912 459 928 summi
466 912 554 928 sacerdotes
564 913 635 929 ordinati
646 915 690 932 sunt,

110 938 177 960 plenam
185 939 273 955 sacerdotii
282 941 383 959 potestatem
392 941 494 959 receperunt.

144 965 179 981 158.
202 965 284 981 Attamen
293 965 309 980 in
317 965 360 980 hanc
369 965 493 985 responsionem
502 964 574 980 recidere
582 970 613 980 nos
621 964 690 980 minime

110 991 193 1007 volumus.
216 991 295 1012 Namque
307 991 320 1007 si
331 991 362 1007 hoc
373 991 424 1006 modo
435 991 482 1011 pauci
493 993 559 1006 tantum
571 991 650 1011 Episcopi
661 996 691 1011 per

111 1017 173 1033 saltum
185 1017 305 1035 ordinarentur,
312 1021 366 1037 neque
378 1016 420 1032 alios
430 1016 536 1037 presbyteros
547 1016 568 1032 ad
581 1016 691 1032 ministerium

110 1042 214 1059 sacerdotale
227 1042 340 1062 admitterent,
352 1042 402 1058 valde
415 1042 473 1058 inutile
486 1042 528 1058 soret
542 1042 627 1058 Ecclesiae
639 1042 690 1058 talem

110 1068 219 1085 hierarchiam
228 1069 334 1088 continuare;
346 1068 376 1084 nisi
385 1068 460 1087 fortasse,
468 1068 512 1089 quod
521 1068 538 1084 in
547 1068 622 1084 Ecclesia
630 1068 690 1089 Angli-

110 1101 152 1112 cana
165 1096 233 1111 minime
245 1095 310 1114 accidit,
322 1094 388 1116 plurimi
401 1095 417 1111 in
431 1094 499 1115 plenum
513 1094 625 1110 sacerdotium
639 1095 688 1115 primi
