794 1248
119 90 141 105 62
316 93 354 106 CAP.
366 93 392 106 111.
415 93 441 106 DE
453 94 502 107 RxTu.

152 133 178 149 0³.
200 133 229 149 “E
244 133 327 149 contrario
345 138 378 149 non
394 133 442 154 pauci
460 133 517 149 eximii
534 133 609 154 theologi
628 135 698 149 censent

120 158 204 175 Christum
216 159 237 175 D.
247 158 319 175 voluisse
330 161 396 175 tantum
407 161 425 175 ut
436 159 503 175 ordines
513 159 609 175 hierarchici
619 160 699 176 darentur

115 187 147 205 per
160 185 208 205 signa
221 187 236 201 ct
250 184 299 201 verba
313 185 420 206 exprimentia
431 188 530 206 potestatem,
542 186 599 202 relicta
613 185 698 202 Ecclesiae

119 211 175 232 ampla
183 211 263 227 facultate
270 211 392 227 detenninandi
401 213 436 227 tum
446 211 494 232 signa
504 214 540 228 turn
548 212 608 231 verba;
619 214 635 228 et
646 212 697 232 signis

119 242 139 253 ac
150 237 205 253 verbis
216 237 238 253 ab
250 237 326 253 Ecclesia
336 237 469 253 determinandis
482 238 566 253 adnexam
580 237 652 254 voluisse
663 238 697 253 vim

119 263 215 279 conserendi
222 263 294 284 gratiam
300 265 317 279 et
324 263 429 284 imprimendi
436 263 552 280 characterem.
570 263 616 279 Hinc
623 263 698 279 Ecclesia

119 291 175 309 potest
182 289 294 305 determinare
302 293 332 309 pro
340 294 374 305 unc
381 289 419 305 loco
427 294 479 305 unum
485 289 551 310 signum
558 291 575 305 et
580 289 637 310 aliqua
642 289 698 308 verba,

119 320 148 335 eg.
159 319 190 335 pro
198 314 274 330 Ecclesia
282 314 364 331 Orientali
372 315 496 336 impositionem
507 320 588 331 manuum
598 320 617 331 ac
628 315 697 331 relativa

118 341 173 360 verba,
184 343 201 357 et
211 346 242 362 pro
253 341 287 357 alio
298 341 335 357 loco
347 341 391 357 aliud
404 342 470 362 signum
482 341 548 362 aliaque
559 341 614 360 verba,
625 345 655 362 eug.
667 346 698 362 pro

119 366 195 382 Ecclesia
216 367 277 382 Latina
298 367 405 383 traditionem
423 367 571 383 instrumentorum
590 372 610 383 ac
629 367 697 383 relativa

118 393 178 411 verbm
189 393 213 408 ita
223 395 241 408 ut
252 392 319 408 ordines
329 392 384 408 collati
395 392 510 409 Orientalibus
520 393 552 409 ritu
563 393 625 409 Latino
634 398 654 409 ac
661 393 698 409 vice

118 424 166 434 versa
181 419 216 435 sine
231 418 324 439 apostolico
339 419 405 435 indulto
422 419 456 435 sint
472 424 505 435 non
523 419 577 435 solum
596 419 652 438 illiciti,
667 419 696 435 sed

118 444 169 460 etiam
181 444 254 463 invalidiv
266 444 305 460 licet
316 445 337 460 de
348 444 393 461 sacto
405 444 480 460 Ecclesia
493 445 570 461 statuerit
581 450 617 460 esse
631 447 696 460 tantum

118 470 188 486 illicitus.
212 470 255 487 Item
270 470 345 487 Ecclesia
357 473 413 491 potest
425 476 455 491 pro
466 471 526 487 eodem
538 471 575 487 locu
587 471 632 491 prius
643 471 697 486 deter-

119 496 182 512 minare
192 501 244 512 unum
255 497 321 517 signum
332 499 349 512 et
360 496 415 517 aliqua
426 496 481 516 verba,
488 501 518 517 eg,
527 497 543 512 in
552 497 627 513 Ecclesia
635 497 697 513 Latina

119 528 198 539 manuum
214 523 338 543 impositionem
353 527 391 538 cum
410 523 482 539 relativis
497 523 556 541 verbis,
571 523 633 539 deinde
651 522 696 539 aliud

118 549 184 569 signum
196 548 262 569 aliaque
273 548 328 567 verba,
338 553 368 569 e.g.
379 549 527 565 instrumentorum
540 549 647 565 traditionem
658 553 696 565 cum

119 574 192 590 relativis
200 574 264 593 verbis;
277 574 300 590 ita
310 577 329 590 ut
339 574 406 590 ordines
416 574 472 590 collati
483 575 553 595 antiquo
563 575 595 591 ritu
606 580 636 595 per
643 574 696 590 solam

118 600 243 621 impositionem
257 605 337 616 manuum
350 605 389 616 cum
403 600 476 616 relativis
487 601 541 616 verbis
553 601 586 616 sint
598 605 631 616 non
642 600 696 616 solum

118 626 175 645 illiciti,
183 627 212 642 sed
221 627 272 642 etiam
282 627 354 642 invalidi.
378 626 443 642 Eodem
455 626 490 642 iure
498 626 574 642 Ecclesia
582 629 637 647 potest
645 626 696 642 etiam

118 658 148 673 pru
156 653 215 668 eodem
223 652 261 668 loco
268 655 285 668 et
293 655 369 673 tempore
376 652 477 668 constituere
485 655 503 668 ut
511 653 560 673 signa
570 657 590 668 ac
597 652 648 668 verba
658 657 668 668 a
678 657 696 668 se

118 679 229 695 determinata
237 678 270 694 sint
278 678 373 698 inefficacia,
378 678 409 694 nisi
416 678 491 694 minister
497 680 526 694 aut
532 678 626 694 subiectum
632 678 696 699 aliquas

117 704 214 725 praetulerit
221 704 329 720 conditiones.

150 731 176 747 94.
198 732 206 738 ‘¹
212 730 310 746 Notandum
316 735 355 746 vero
361 733 386 746 est
392 735 425 746 non
432 735 491 746 omnes
497 730 570 746 fautores
575 730 624 746 huius
630 732 696 746 senten-

117 756 151 772 tiae
162 757 251 772 admittere
262 756 307 777 quod
319 756 394 772 Ecclesia
406 759 462 777 posset
473 757 514 772 ritus
524 756 623 772 sacramenti
633 756 696 771 ordinis

117 782 193 798 efficaces
201 782 270 798 reddere
277 781 370 798 inefficaces
378 787 408 802 pro
416 782 449 798 alio
457 782 498 801 loco¹
504 787 535 803 pro
542 782 575 798 aliu
583 784 659 802 tempore
666 784 696 797 aut

117 813 148 829 pro
158 808 233 829 personis
243 808 307 829 aliquas
317 808 421 824 conditiones
432 813 465 824 non
476 813 515 829 prae
526 813 544 824 se
554 807 648 826 serentibus.
656 807 696 828 quia

117 834 179 850 exinde
192 836 289 855 sequeretur
302 833 394 850 Ecclesiam
410 834 472 854 aliquid
488 839 537 855 posse
552 834 569 850 in
584 833 695 850 substantiam

117 860 217 876 sacramenti
228 860 290 876 ordinis
302 862 360 876 contra
371 860 464 876 doctrinam
476 859 590 876 Tridentiniffl'*

150 886 175 902 96⁴
199 885 237 901 Hae
252 888 291 901 sunt
304 885 391 906 opiniones
407 886 423 901 in
438 885 499 901 scholis
515 885 609 904 iactitatae;
625 890 694 906 quarum

117 911 175 930 altem,
188 913 206 927 ut
221 911 245 927 ait
257 911 357 927 Benedictus
373 911 426 930 XIV„
439 911 494 927 “duas
507 911 614 932 gravissimas
625 910 695 927 offendit

117 937 228 953 difficultates
248 937 304 953 Primo
312 937 380 958 quidem
388 942 422 953 non
431 938 471 954 satis
478 938 559 959 probatur
566 937 611 958 quod
619 937 695 953 Christus

118 963 201 979 Dominus
213 963 317 984 praedictam
329 965 431 984 potestatem
442 963 499 980 fecerit
511 963 605 982 Eoclesiae3
620 963 654 979 imo
665 968 693 983 op-

117 989 190 1010 positum
205 989 271 1005 videtur
286 989 339 1005 evinci
352 994 375 1005 ex
389 989 492 1009 Tridentino,
503 995 542 1006 sess
556 994 574 1005 21
589 994 625 1010 cap.
638 993 652 1008 2.
667 989 694 1005 ubi

116 1015 190 1031 declarat
198 1020 208 1031 a
215 1015 282 1031 Christo
289 1015 364 1031 relictam
372 1020 409 1031 esse
415 1015 499 1031 Ecclesiae
509 1017 610 1036 potestatem
618 1015 694 1031 mutandi

116 1046 160 1062 quae
167 1043 310 1057 sacramentorum
318 1041 460 1062 dispensationem
469 1041 563 1062 respiciunt,
571 1041 619 1057 salva
629 1041 695 1057 illorum

140 1075 145 1083 ¹
154 1075 218 1092 Gap-ni.
229 1075 294 1088 nutam
303 1076 375 1089 canonum
382 1076 397 1088 de
404 1076 444 1088 Sura
453 1076 540 1090 Odi-unm.
548 1079 576 1092 up.
583 1079 595 1088 v.
604 1075 629 1090 ni.
637 1077 661 1088 m.
667 1075 675 1087 i.
681 1079 695 1088 ι..

116 1095 161 1112 ⁹⁸⁵4-
