794 1248
298 97 402 110 ΡκΑΕΡΑτῐο
414 97 494 111 kri-uun.
664 95 683 115 85

104 143 114 154 a
128 138 168 159 Jesu
184 138 252 155 Christo
267 138 317 159 plane
332 138 401 158 derivat,
416 139 498 155 ordinatis
513 139 535 155 ab
554 139 591 160 ipso
610 140 685 156 Domino

105 164 196 185 Apostolis,
211 164 239 185 qui
255 164 334 185 deinceps
352 169 382 185 per
401 164 524 185 impositionem
543 170 623 181 manuum
642 165 685 181 alios

104 195 171 211 quoque
186 190 231 206 dono
247 190 304 206 Sancti
324 190 396 211 Spiritus
415 190 431 206 in
451 191 539 212 episcopos
557 191 685 212 presbyterosve

104 216 222 237 promoverint,
230 218 247 232 et
254 221 320 232 sacrum
329 216 415 232 Ecclesiae
424 216 533 233 ministerium
541 217 563 233 ad
571 217 622 233 finem
633 222 685 238 usque

104 242 166 258 saeculi
174 243 190 258 in
199 242 261 258 eisdem
270 242 356 258 ordinibus
366 243 503 259 constituendum
514 246 595 264 perpetua
606 243 685 259 missione

104 268 207 284 tradiderint.
231 268 277 289 Ergo
290 273 341 289 quam
353 268 389 289 ipse
403 268 420 284 in
434 273 464 284 sua
477 269 583 285 ordinatione
596 269 685 290 recepisset

104 294 175 310 eandem
183 296 200 310 et
208 294 331 310 successoribus
338 294 410 315 gratiam
418 296 435 309 et
446 297 547 315 potestatem
558 295 685 311 ministerialem

104 326 122 337 se
140 321 240 337 traditurum
257 320 341 341 professus
357 323 386 337 est
410 320 460 341 Quod
476 324 532 337 autern
548 321 629 337 Cranmer
644 321 685 337 haec

104 349 140 362 tarn
152 349 209 367 aperte
220 346 295 362 docuerit
308 351 328 362 eo
339 346 420 367 gravioris
431 347 510 367 ponderis
521 349 547 363 est
558 352 592 367 quo
604 347 684 363 maiorem

104 375 170 394 partem
183 373 234 389 libelli
246 378 269 389 ex
282 373 312 389 illo
324 373 426 389 catechismo
440 375 550 392 mutuaverat,
562 378 612 394 quern
626 373 685 393 Justus

103 399 156 420 Jonas
171 399 230 415 doctor
246 399 352 415 Luther‘anus
367 399 446 420 nuperius
461 399 548 419 ediderat;
566 400 595 420 qui
610 405 648 416 cum
664 404 685 415 ne

104 426 121 441 in
126 425 229 441 mentionem
234 425 302 446 quidem
308 425 430 446 Episcoporum
436 425 570 441 Successionisve
576 425 685 446 Apostolicae

104 451 194 470 incidisset,
202 451 283 467 Cranmer
290 451 316 467 his
323 451 402 467 omnibus
410 456 432 467 ex
441 454 497 467 mente
504 456 535 467 sua
543 451 605 467 additis
614 451 684 467 Luther-

104 482 145 493 anas
164 478 185 494 de
204 478 299 494 Minister-io
317 478 405 498 opiniones
424 482 465 493 sane
483 477 581 498 repudiavit¹
601 477 685 498 fidemque

104 504 191 525 antiquam
199 504 220 520 de
231 504 282 520 sacris
293 504 384 520 Ordinibus
395 503 472 520 fidelibus
482 504 583 520 credendam
593 504 684 525 proposuit.

105 530 154 546 Talia
161 531 219 547 docuit
228 536 309 547 novorum
321 530 405 546 ritualium
416 533 474 546 auctor
484 530 577 551 primarius.
599 530 648 546 Talia
658 530 684 546 vel

104 557 141 577 ipso
164 559 240 577 ternpore
263 561 297 577 quo
320 556 370 572 libros
394 556 461 572 rituales
484 556 578 577 castigabat
599 556 685 577 vulganda

104 583 172 599 curavit.
195 583 243 604 Quae
254 588 292 598 curn
304 583 328 598 ita
340 582 405 601 fuerint,
418 582 467 598 valde
480 582 591 603 improbabile
605 585 630 598 est
644 582 685 598 istos

105 609 155 625 libros
170 609 261 630 castigatos
276 613 309 625 non
325 608 432 629 supposuisse
447 608 558 624 intentionem
574 613 593 624 ea
612 608 684 624 faciendi

104 640 148 656 quae
155 640 211 651 sacros
219 634 292 651 Ordines
300 639 321 650 co
328 639 381 655 usque
389 634 406 650 in
415 634 491 650 Ecclesia
498 634 600 650 constitutos
608 635 625 650 in
633 634 684 650 finem

105 661 166 677 saeculi
174 662 295 677 continuarent*

137 688 173 704 129.
196 688 232 704 Nec
242 687 310 708 quidem
322 687 373 703 solius
383 687 456 703 auctoris
467 687 493 703 vel
502 687 576 708 primarii
587 687 685 703 testimonio

104 715 215 731 intentionem
231 715 272 730 ritus
287 714 372 730 reformati
387 713 515 734 explicabimus.
546 713 604 734 Ipsum
623 713 684 729 librum

104 743 190 757 testamur*
221 741 269 757 Haec
288 740 305 756 in
324 740 400 761 praefato
416 740 496 761 legimus:
516 739 640 755 “Manifestum
658 741 685 755 est

104 767 187 786 omnibus,
201 772 266 783 sacram
281 766 385 787 Scripturam
399 768 416 782 et
429 768 493 782 veteres
506 768 583 781 auctores
596 765 685 786 diligenter

105 793 233 814 perlegentibus,
248 793 334 809 exstitisse
349 793 365 808 in
380 792 456 808 Ecclesia
468 792 530 808 Christi
541 796 561 807 α
571 791 685 812 apostolorum

105 819 201 840 temporibus
206 820 256 835 hosce
263 819 378 835 Ministrorum
384 818 461 838 Ordines,
468 818 566 839 Episcopos,
572 818 685 838 Presbyteros,

105 848 122 862 et
130 846 215 862 Diaconos
217 858 256 862 ......
260 845 317 866 Igitur,
325 850 359 866 quo
367 845 396 861 isti
404 844 474 861 Ordines
481 845 498 860 in
507 844 583 861 Ecclesia
589 844 685 865 Anglicana

104 872 197 888 cmcrvari
205 872 274 893 possint,
285 874 302 888 et
313 872 404 887 reverentia
414 872 472 887 debita
483 871 557 892 usurpari
568 874 585 887 et
595 871 685 890 aestimari,

105 899 186 914 sancitum
202 901 227 914 est
246 901 265 914 ut
282 903 331 914 nemo
350 898 430 918 (nondum
448 897 528 918 episcopus
545 897 628 918 presbyter
648 897 684 912 dia-

105 929 172 940 mnusvc
179 924 263 945 asistens)
271 924 324 940 ullum
332 929 389 940 eorum
398 926 504 944 exsequatur,
512 923 543 939 nisi
554 923 582 944 qui
593 923 684 939 secundum

105 951 155 967 ritum
167 953 264 972 sequentem
275 953 349 969 vocatus,
359 950 444 971 probatus,
454 950 565 968 examinatus,
573 952 591 965 et
602 949 685 965 admissus

106 977 177 993 ‘nerim’

138 1003 173 1020 1³⁰.
198 1003 249 1019 Hisce
257 1003 311 1019 verbis
319 1008 399 1024 expresse
407 1003 501 1018 declaratur
506 1008 532 1018 :—

140 1031 158 1045 ν’.
181 1029 251 1050 Semper
266 1029 317 1045 fuisse
332 1030 348 1045 in
364 1029 440 1045 Ecclesia
456 1029 495 1045 inde
510 1029 532 1044 ab
548 1027 636 1049 Apostolis
654 1027 684 1043 hos

105 1055 182 1074 Ordines,
194 1056 288 1076 Episcopus
300 1055 407 1076 Presbyteros
420 1055 515 1073 Diaconos,

277 1107 282 1116 ¹
290 1108 337 1121 Totum
343 1108 356 1120 tn
362 1108 397 1124 App.
403 1112 415 1120 v.
423 1108 475 1120 relatum
482 1108 504 1120 est.
