794 1248
345 344 403 363 CAP.
425 344 462 363 111.

152 402 182 419 DE
194 403 242 419 RITU
255 406 276 419 m
288 403 448 420 CONSECRATmNE
460 403 546 420 PARKERI
558 407 655 420 Ani-um'ro.

146 456 171 473 86.
195 457 260 473 Revera
279 460 394 473 consecratum
415 457 465 473 fuisse
485 458 580 477 Parkerum,
600 458 650 478 idque
671 458 692 474 ab

114 483 178 499 idoneis
190 483 269 499 ministris
280 483 378 503 mnfectum,
390 483 471 499 hactenus
484 483 639 500 demonstravimus.
663 483 692 499 Se-

113 509 170 529 quitur
181 511 199 525 ut
209 509 311 525 obiectiones
322 514 365 530 quae
376 509 426 525 ritum
437 509 453 525 in
464 509 588 525 consecratione
598 509 692 525 adhibitum

113 535 198 556 attingant
206 535 276 556 proinde
283 535 405 551 examinemus.

147 561 237 577 Contentio
244 561 286 577 haec
292 561 325 577 fere
332 564 361 577 est
380 563 388 569 ‘¹
394 561 459 581 Parker,
465 561 530 578 etiamsi
538 561 642 577 Lambethae
650 561 692 578 sieut

113 586 130 603 in
141 587 210 608 registro
219 587 311 608 exponitur
320 587 342 603 de
352 587 397 603 sacto
407 590 513 603 consecratus
524 587 577 606 fuerit,
585 587 693 603 nihilominus

113 613 187 629 validam
198 613 340 629 consecrationem
352 613 421 630 minime
433 614 499 634 recepit,
510 613 593 635 siquidem
607 618 692 629 consecra—

113 641 158 655 tores
169 639 231 655 reiecto
242 639 335 655 Pontifieali
349 640 365 655 in
377 639 441 660 Anglia
454 640 546 660 antiquitus
557 640 619 655 usitato
630 644 692 655 novum

113 665 204 686 quemdam
216 665 265 681 ritum
277 665 299 681 ab
309 665 348 686 ipsis
359 665 494 682 reformatoribus
504 668 592 682 exaratum
603 670 693 686 usurpave-

113 693 156 710 runt,
166 691 195 712 qui
206 696 236 707 nec
247 691 333 707 materiam
345 696 375 707 nee
387 691 458 707 formam
469 691 569 707 sacramenti
581 691 691 712 adaequatam

113 716 217 737 praestare&
238 717 282 733 Huic
288 717 378 733 obiectioni
386 717 417 733 nisi
426 717 466 733 satis
474 722 572 738 responsum
581 717 634 736 fuerit,
640 716 692 737 lique-

113 742 138 759 bit
149 745 166 759 et
178 742 244 758 Parkeri
256 745 273 759 et
285 742 355 759 aliorum
367 745 466 762 nostrorum,
477 743 506 764 qui
518 748 548 764 per
558 743 630 759 eundem
642 742 691 758 ritum

113 768 176 784 exinde
183 769 255 789 promoti
263 769 297 785 sint
305 769 383 789 episcopi,
391 774 459 789 prorsus
468 768 522 785 nullas
530 771 581 790 atque
592 769 645 785 irritas
655 773 692 784 esse

113 795 249 811 consecrationes*
269 795 344 816 Ideoque
351 795 373 811 ad
381 795 424 810 hanc
432 795 563 815 disputationem
571 794 692 815 aggrediemur.

113 820 165 837 Cuius
178 820 290 837 absolvendae
303 826 353 837 musa
367 821 480 841 quaerendum
496 823 521 837 est
536 821 595 841 primo,
608 825 691 841 quaenam

112 846 146 862 sint
154 849 209 867 partes
217 847 313 863 essentiales
321 847 421 863 sacramenti
429 847 445 863 in
453 852 519 868 genere,
526 846 587 863 deinde
597 852 620 862 ex
631 846 692 867 quibus

112 875 178 888 constet
191 875 313 892 sacramentum
328 872 401 892 Ordinis,
413 873 462 889 tertio
476 875 532 889 utrum
543 877 564 888 ea
576 877 618 893 quae
630 872 647 888 in
659 872 691 888 ritu

113 898 208 918 Anglieano
216 903 246 919 pro
254 899 379 914 consecratione
386 898 476 919 episcopali
484 898 585 914 adhibentur
592 898 613 914 ad
624 898 691 914 charac-

113 926 165 940 terem
173 924 303 945 imprimendum
311 924 397 940 sufficiant.

207 975 220 991 1.
242 974 269 991 D:
275 974 353 995 partibus
363 975 474 991 essentiszlihcs
485 975 593 991 Sao-rumenti.

145 1015 170 1032 87.
193 1015 222 1031 Ad
231 1015 302 1036 primam
313 1016 428 1036 quaestionem
439 1016 566 1037 disceptandam
575 1016 625 1032 verba
632 1016 663 1032 viri
674 1016 691 1031 in

113 1041 165 1058 Sacra
173 1041 265 1062 Theoiogia
273 1041 365 1057 doctissimi
374 1042 391 1058 F.
400 1042 419 1057 L
428 1042 445 1058 Β,
454 1042 572 1058 Liebermanni
582 1041 625 1062 grati
633 1041 691 1057 refere-

113 1072 160 1086 mus;
175 1067 204 1087 qui
215 1067 256 1083 talia
267 1067 338 1083 disserite
360 1067 394 1083 “In
406 1068 437 1084 hac
449 1068 546 1089 quaestione
558 1068 641 1088 quaedam
652 1070 692 1083 sunt

112 1093 134 1109 ad
143 1092 193 1109 fldem
201 1092 306 1109 Catholicam
314 1093 424 1114 pertinentia5
435 1096 474 1109 sunt
482 1096 499 1109 et
506 1093 544 1113 alia,
551 1094 573 1109 de
580 1093 641 1114 quibus
649 1094 693 1109 inter
