794 1248
242 94 267 107 DE
279 94 367 107 ΤΕΜΡΟΚΕ
378 94 544 107 CONSECRATioms.
663 93 682 110 §5

104 135 163 149 notatu
171 133 241 154 dignum
249 135 275 149 est
283 138 313 149 nec
322 132 392 154 Reppisi
400 138 431 149 nec
440 133 529 154 Sampsoni
541 133 683 149 consecrationem

104 159 121 175 in
133 159 212 180 Registro
223 159 316 175 memorari.
340 159 366 175 De
378 159 454 180 Reppiso
466 159 535 180 quidem
547 158 612 175 litterae
623 158 683 175 certifi-

103 185 176 200 catoriae
184 189 218 200 non
224 190 254 200 suo
261 184 298 200 loco
304 184 376 200 insertae
382 184 425 200 inter
432 187 470 200 acta
476 184 516 200 anni
525 189 530 200 1
535 188 542 204 5
545 188 565 205 37
571 184 683 205 reperiuntur:

104 210 125 226 de
137 210 232 231 Sampsono
243 213 300 226 autern
312 210 353 226 nihil
367 213 405 231 post
418 210 563 226 confirmationem
576 212 682 226 memoratur.

104 236 208 252 Testimonia
227 236 294 252 aliunde
313 239 424 257 reportantur.
449 237 498 252 Patet
517 236 567 257 igitur
586 236 683 257 Registrum

103 267 124 278 eo
136 262 173 283 ipso
184 265 260 283 ternpore
271 262 401 278 ineuriosissime
412 262 463 278 fuisse
474 263 590 283 compositum.

136 288 162 305 83.
184 288 221 305 Nec
236 291 292 304 tamen
308 288 330 304 ad
345 288 390 304 hunc
405 289 460 310 ipsum
475 289 520 305 diem
539 288 682 305 consecrationem

104 315 197 330 necessario
211 314 301 330 referimus.
325 314 393 331 Certum
409 314 477 335 quidem
492 317 518 330 est
534 319 571 330 eam
585 316 624 330 ante
637 314 682 330 diem

104 342 130 356 2²¹¹*
139 340 179 361 Juiii
190 340 263 361 proximi
275 340 361 361 sequentis
371 340 466 356 confectam
474 345 515 360 esse,
522 345 556 361 quo
564 340 591 356 die
599 340 682 356 Wharton

103 366 208 387 Asaphensis
223 368 331 382 consecratus
346 368 371 382 est
387 366 415 387 qui
432 366 522 382 Barlovum
538 366 554 382 in
569 366 628 382 ordine
643 371 682 382 eun-

103 394 168 408 stanter
182 392 287 412 sequebatur.
310 391 344 408 Sed
360 392 403 408 inter
418 392 462 408 diem
479 392 586 408 undecimum
601 392 647 412 Junii
666 394 683 408 et

103 418 195 434 secundum
206 417 246 438 Julii
258 417 314 438 plures
326 418 450 433 intervenerunt
461 418 498 434 dies
510 417 599 436 Dominici,
611 422 682 438 quorum

104 448 147 459 unus
158 443 220 459 alterve
232 443 270 459 huic
282 444 346 459 muneri
359 443 440 464 assignari
452 443 539 464 potuisset,
550 448 615 459 necnon
627 443 682 463 plures

104 469 183 485 Londinii
194 470 303 486 morabantur
313 470 387 490 episcopi
398 470 426 490 qui
437 469 503 490 synodo
513 469 609 490 provinciali
620 469 682 485 asside-

104 498 145 511 rent.
168 495 223 511 Facile
231 495 282 516 igitur
289 495 311 511 de
321 496 446 511 consecratione
456 495 504 511 unius
514 495 589 516 episcopi
599 495 682 516 provideri

104 521 163 542 potuit.
186 521 246 542 Neque
261 522 304 537 adeo
320 522 395 538 mirabile
408 524 433 538 est
445 522 557 542 registra-ium
573 521 682 542 archiepisco-

103 547 159 568 palem
175 547 211 563 eius
227 547 335 563 memoranda
350 547 393 563 sicut
408 550 425 563 et
442 547 511 568 Reppisi
527 550 544 563 et
560 547 650 568 Sampsoni
666 547 682 563 in

103 573 133 589 tali
147 578 201 589 rerum
214 573 310 589 discrimine
322 573 422 594 neglexisse.
444 573 503 589 Tantis
518 574 563 589 enirn
579 574 595 589 in
611 573 683 594 negotiis

104 604 124 614 eo
139 601 215 619 ternpore
227 599 337 615 versabantur
352 599 431 615 officiales
446 599 553 615 ecclesiastici
568 601 587 615 ut
602 604 628 615 res
641 604 682 620 quo-

103 624 176 640 tidianas
193 630 226 640 non
245 625 281 641 sine
296 625 346 640 venia
364 625 438 646 quadarn
457 625 590 645 praetermittere
608 627 682 645 possent.

104 650 131 666 De
146 650 218 667 divortio
233 654 250 667 et
263 651 404 667 condemnatione
417 651 484 671 reginae
497 651 559 667 Annae
573 650 632 666 Bullen
648 651 681 666 iarn

104 676 120 692 in
139 677 206 697 synodo
224 677 306 697 agebatur
312 682 316 696 ;
335 679 382 693 totus
400 677 454 693 clerus
474 677 491 693 in
513 677 633 693 convocatione
652 682 682 692 sua

103 705 192 718 novatores
207 705 258 723 atque
273 702 366 719 haereticos
381 703 461 719 acerrime
476 703 598 723 perstringebat
603 708 607 722 ;
626 702 681 718 locum

103 728 119 744 in
134 728 151 745 S.
163 728 233 749 Synodo
246 728 322 744 Thomas
336 728 425 745 Crumwell
438 731 518 749 tanquam
531 729 574 749 regis
586 728 682 749 vicegerens

103 754 193 770 insolenter
208 754 240 770 sibi
258 755 358 775 arrogabat;
377 755 399 771 de
418 755 523 771 monasteriis
542 754 629 770 abolendis
648 754 681 770 iarn

103 781 191 801 ingruebat
201 781 251 796 tii-nor
263 783 280 797 et
290 781 396 801 expectatio3
409 781 430 797 de
441 780 513 797 articulis
524 781 563 796 fidei
575 781 641 801 penitus
651 785 681 796 ex-

103 806 188 827 plorandis
203 807 309 827 quaestiones
325 807 341 822 in
360 807 426 827 synodo
445 807 565 826 movebantur;
584 811 646 827 magna
665 808 682 822 et

102 832 195 852 perniciosa
208 832 269 848 seditio
281 833 307 848 cui
323 833 433 849 interfuerunt
446 833 516 849 abbates
530 835 547 848 et
562 832 632 853 praelati
647 837 681 848 non

102 858 151 878 pauci
170 859 187 874 in
206 859 282 879 partibus
298 859 344 879 regni
362 859 521 880 septentrionalibus
539 858 681 879 comparabatur&

103 883 149 905 Quid
161 884 221 900 mirum
230 884 244 900 si
255 886 313 900 tantae
324 889 378 900 rerum
389 884 491 900 confusionis
499 884 570 905 vestigia
580 884 597 900 in
608 884 681 904 registris

102 911 207 931 appareant?
230 910 281 926 Porro
296 911 333 931 quis
348 911 405 926 credat
422 913 451 926 aut
470 910 579 927 Cranmerurn
594 912 624 926 aut
639 909 681 925 alios

102 936 174 957 quosvis,
182 936 199 952 in
207 936 236 952 tali
247 936 343 952 discrimine
354 942 408 953 rerum
419 936 523 957 illaqueatos,
534 941 571 952 curn
583 936 681 957 praesertim

102 969 161 986 appeunt,
168 970 216 982 minimi
222 970 281 986 pon-<ieris
287 974 314 983 asse
322 970 359 983 nubis
366 970 420 983 videtur.
437 970 488 987 Nmpe
496 970 509 983 in
516 970 561 983 imerii
569 970 585 982 rie
592 974 605 982 re
613 969 681 982 admodum

101 990 147 1002 ‹nv-inii
158 990 234 1007 iegntionem
246 991 309 1003 Samiam
320 991 386 1007 ‚iniugati
396 991 430 1003 haid
440 991 485 1003 min-m
495 992 513 1003 est
524 990 596 1005 Eulovum,
605 990 627 1007 qui
637 990 682 1002 elutus

102 1010 185 1023 Mer-evisam,
190 1011 240 1027 negotia
246 1011 294 1024 ibidem
300 1013 325 1024 tum
331 1011 352 1024 diu
358 1014 427 1028 peregerat,
433 1015 456 1028 per
461 1011 521 1024 incuriam
529 1011 592 1028 qun-<iem
600 1011 681 1023 uiimtisuo

102 1031 152 1044 nomine
165 1031 207 1044 minus
219 1034 277 1044 smirne
290 1032 362 1048 nuncupari.
384 1032 413 1044 imn
424 1032 491 1044 verisimile
502 1034 520 1044 esi
532 1031 603 1044 huiusmodi
614 1032 662 1044 linem
674 1035 681 1044 ι

101 1051 142 1064 scriba
152 1051 208 1064 iudaeus
218 1051 260 1067 mine,
270 1052 290 1064 cui
300 1052 351 1065 Barlovi
359 1052 466 1065 consecutionem
477 1053 502 1064 iam
511 1054 541 1065 mne
552 1056 621 1068 pei-paucas
632 1054 681 1064 unum

101 1071 138 1084 hom
146 1072 216 1084 confectam
225 1072 293 1085 innotuisse
302 1072 353 1085 minime
361 1073 438 1085 eredendum
446 1074 470 1085 at.

126 1091 130 1099 ¹
139 1092 173 1104 Vide
179 1092 226 1107 nima,
231 1092 288 1108 mam,
294 1093 319 1105 voi.
325 1093 334 1105 i.
340 1097 361 1109 pp.
369 1093 393 1109 39⁸
399 1097 433 1109 seqq.
