794 1248
277 95 401 108 DESCRIfflTUR
413 94 524 108 ORD1NAT10.
662 94 691 112 137

110 135 191 152 statuerit.
215 138 232 156 3⁰
240 135 259 151 In
271 135 346 152 Colleeta
357 137 395 156 post
407 135 492 151 Litaniam
503 135 572 151 recitata
582 135 622 151 varii
634 134 690 150 minis-

110 164 173 177 trorum
189 161 255 177 ordines
274 161 290 177 in
307 161 383 177 Ecclesia
400 161 479 177 divinitus
499 161 571 177 instituti
589 163 690 179 asseruntur,

110 189 127 203 et
137 187 226 203 ordinandi
237 187 254 203 in
265 187 338 203 officium
349 187 443 203 Sacerdotii
454 187 487 202 iam
495 187 550 203 vocati
561 192 598 203 esse
608 186 689 202 dicuntur.

110 216 127 233 4⁴²
141 213 211 229 Peracto
226 213 305 229 examine
321 213 399 229 recitatur
413 212 479 233 prolixa
493 213 587 229 benedictio
601 213 622 229 ad
638 213 690 228 instar

110 239 223 260 praefationis,
228 244 278 260 quam
286 239 380 259 Episcopus
386 244 436 260 super
441 238 543 254 ordinandos
548 238 603 255 fundit
608 241 689 259 tanquam

110 265 132 281 ad
151 265 260 281 ministerium
280 265 391 286 apostolicum
411 265 427 280 in
447 264 518 280 salutem
537 264 605 280 humani
623 264 689 285 generis

110 291 205 308 institutum
224 293 301 311 vocatos;
322 296 356 312 qua
374 291 448 312 perfecta
463 291 520 307 statim
539 291 632 312 Episcopus
650 296 688 307 cum

110 317 213 338 Presbyteris
225 317 342 333 assistentibus
353 322 413 332 manus
424 316 495 337 imponit
506 322 556 337 super
565 316 621 337 capita
632 316 689 337 singu-

110 342 168 362 lorum,
176 343 217 359 dum
228 343 269 359 haec
277 343 327 359 verba
339 343 402 364 profert
408 343 492 363 :—Accipe
504 342 586 363 Spiritum
598 342 689 359 Sanctum:

109 374 178 390 quorum
187 369 268 385 remiseris
272 371 340 389 peccata,
348 369 456 385 mnittrmtur
462 369 495 387 εἰη
502 371 518 384 et
524 374 593 389 quorum
599 368 690 388 retinueris,

110 397 171 411 retenta
183 397 232 411 sunt:
247 397 279 411 esto
290 395 340 411 etiam
349 394 407 416 fidelis
417 394 462 410 verbi
472 394 506 410 Dei
515 397 532 410 et
541 397 634 410 sanctorum
645 394 690 410 Eius

110 421 254 437 Sacramentarum
268 421 379 442 dispensator:
395 421 416 437 ln
429 421 501 437 Nomine
513 420 577 440 Patris,
588 423 604 436 et
616 420 662 440 Filii,
675 423 691 436 ct

111 447 186 468 Spiritus
203 447 265 464 Sancti.
283 447 341 463 Amen.
373 450 389 467 5Ω
404 447 470 463 Deinde
488 447 583 468 Episcopus
601 447 689 467 unicuique

110 478 167 489 eorum
179 474 230 490 tradit
241 474 258 489 in
270 479 338 490 manum
351 473 405 490 Biblia
417 473 472 491 Sacra.
483 473 540 489 dicens
546 473 630 493 1—Acc120e
637 475 690 493 pote-r>

110 501 159 515 tatem
166 499 276 520 praedicandi
286 499 351 516 verbum
359 499 395 518 Dei,
403 502 419 515 et
426 499 558 515 administrandi
564 501 620 514 sancta
629 499 689 515 Sacra-

110 528 168 544 menta,
178 525 195 541 in
208 525 240 541 ista
251 525 371 546 congregatione
382 525 400 541 in
411 530 443 546 qua
450 525 508 546 fueris
518 525 542 541 ad
551 524 579 540 hoc
589 524 689 541 constitutus.

109 551 127 567 6⁴²
136 551 196 568 Postea
202 551 293 568 decantato
301 551 352 568 Credo
363 556 415 572 usque
426 551 447 567 ad
456 551 596 568 Communionem
605 551 690 572 progredi-

110 579 142 596 tur,
149 582 200 598 quam
209 577 240 598 ipsi
248 577 320 593 ordinati
328 577 378 593 simul
386 577 471 598 recipiunt„
491 580 508 597 7⁰
514 577 591 598 Denique
599 577 616 593 in
624 577 689 593 rubrica

110 603 195 625 provisum
213 606 238 619 est
254 606 272 619 ut
288 603 301 619 si
317 603 345 625 qui
361 603 427 620 diaconi
443 604 503 620 eodem
518 603 546 619 dic
561 608 580 619 ac
596 603 689 624 presbyteri

110 630 198 646 ordinandi
213 630 279 648 fuerint,
294 629 337 646 aliae
352 632 408 650 partes
424 630 484 646 rituum
500 629 604 646 diversorum
619 630 688 646 seorsim

110 658 215 676 peragantur,
226 656 269 672 aliae
281 655 383 672 coniunctim
395 655 509 676 disponantur.

142 681 179 698 202.
202 681 235 698 His
248 682 317 698 tandem
331 682 408 703 perlectis
422 682 478 702 ecquis
491 682 593 698 dubitaverit
604 687 634 702 per
645 681 689 697 hunc

110 707 160 724 ritum
169 708 232 724 intendi
240 708 363 724 ordinationem
372 708 508 729 presbyteralem,
516 713 549 729 qua
559 708 613 724 clerici
624 708 641 724 in
649 713 689 724 vero

109 734 203 750 sacerdotio
211 734 348 750 constituantur?
371 734 420 750 Nunc
428 739 468 750 vero
475 734 570 755 quaestioni
581 734 602 750 de
613 734 688 755 partibus

110 760 145 776 eius
153 760 270 776 essentialibus
278 760 374 776 adeundum
383 762 413 776 est.

142 785 178 803 20³.
200 786 239 806 Jam
251 786 268 802 in
280 786 391 807 superioribus
403 786 507 802 ostendimus
518 791 541 802 ex
552 791 634 802 consensu
645 786 689 807 opti-

109 817 175 828 morum
182 812 299 833 theologorum
305 812 358 828 solam
367 812 455 828 materiam
460 812 570 828 ordinationis
577 812 689 829 hierarchicae

109 843 146 854 esse
154 843 234 854 manuum
243 838 372 859 impositionem,
380 838 452 856 formam
463 841 519 854 autem
530 843 566 854 esse
575 838 625 854 verba
633 841 688 860 potes-

109 866 162 880 tatem
177 864 240 880 ordinis
255 864 372 885 exprimentia,
388 869 431 885 quae
447 869 501 885 neque
514 864 592 880 omnibus
608 864 688 881 Ecclesiis

109 890 168 906 eadem
180 889 197 905 in
209 895 239 906 usu
251 892 325 909 exstant,
337 895 391 911 neque
406 890 428 906 ad
441 893 503 906 certam
520 895 596 907 normam
612 891 688 907 exactius

109 916 262 932 accommodantur*
290 916 350 936 Itaque
365 916 382 932 in
397 916 531 932 ordinationibus
547 917 607 933 nostris
622 919 689 933 constat

109 941 155 958 illam
167 941 220 958 solam
232 942 337 958 essentialem
349 944 366 958 et
377 942 489 963 adaequatam
501 943 590 959 sacerdotii
601 943 688 959 materiam

109 968 190 987 adhiberi,
202 973 232 984 nec
248 968 278 984 nisi
292 968 314 984 de
327 968 390 984 formae
403 969 458 984 valore
473 969 594 989 disputandum
609 971 638 985 est.
662 969 688 985 De

108 994 170 1013 valore,
181 994 269 1015 inquimus,
280 999 313 1010 non
325 994 393 1015 quidem
405 995 486 1014 absoluto,
498 995 527 1011 sed
540 997 605 1011 tantum
617 995 639 1011 ad
651 1000 688 1016 pro-

109 1021 164 1042 prium
175 1020 225 1036 ritum
236 1020 315 1036 relativo:
327 1025 400 1041 namque
410 1020 462 1036 relate
473 1020 494 1036 ad
505 1021 547 1037 alios
556 1021 596 1037 ritus
605 1026 638 1037 non
646 1026 689 1042 opus

109 1047 140 1063 erit
146 1046 189 1062 hane
197 1046 268 1062 sormam
276 1046 372 1065 deliberare,
378 1052 432 1068 neque
441 1047 457 1063 id
465 1047 572 1063 concedimus
577 1048 623 1068 quod
631 1050 689 1063 auctor

109 1072 206 1088 Gallicanus
214 1072 313 1088 Boudinhon
322 1072 416 1093 nuperrime
422 1073 496 1092 asseruit,
502 1073 587 1089 Ecclesiae
593 1073 688 1094 particulari

109 1103 142 1114 non
151 1098 224 1118 amplius
232 1101 327 1119 competere
337 1098 408 1114 sormam
419 1098 468 1114 huius
478 1099 578 1115 sacramenti
589 1101 654 1115 mutare
661 1099 687 1115 vel
