794 1248
246 91 293 107 QUID
305 91 383 104 EARLow
395 91 518 104 fflTENDERlT.
649 92 670 108 97

87 136 126 147 cum
138 131 228 152 Gasparrio
239 131 269 152 (op.
281 131 306 147 cit.
318 136 333 147 n.
344 131 389 151 968),
400 131 444 147 hanc
456 131 561 147 voluntatem
573 131 671 152 interpreta-

89 157 141 173 tivam
155 158 172 173 in
186 163 240 174 rerum
254 160 314 174 natura
327 163 361 174 non
373 157 450 176 existere,
462 162 516 178 neque
527 157 565 173 ideo
577 157 593 173 in
605 157 670 173 actibus

90 183 167 199 humanis
173 183 267 199 iudicandis
273 184 334 199 assumi
341 183 405 199 debere.
423 185 431 192 ¹‘
436 183 461 199 At
467 183 494 199 ille
500 183 580 199 derisoria
586 183 669 204 quaedam

88 209 109 224 de
122 209 173 225 sacris
185 209 319 225 ordinationibus
330 209 448 225 iactitaverat⁰
471 209 588 229 Concedimus,
599 211 616 225 et
627 209 668 225 haec

89 235 120 255 ipsi
135 235 168 251 iam
181 234 241 251 antea¹
253 235 351 251 rettulimus.
374 235 424 256 Quod
436 235 450 251 si
462 240 492 256 per
502 235 544 251 haec
555 235 605 251 verba
616 237 668 251 teme-

87 260 133 279 rarie,
145 266 166 276 ne
178 261 218 281 quid
230 261 302 277 severius
314 261 394 280 dicamus,
406 266 450 277 anno
464 261 504 281 1536
516 261 585 282 prolata,
597 261 668 277 intentio

87 286 122 302 eius
131 287 147 303 in
155 287 269 303 consecrando
280 287 353 303 Pax-kero
363 290 402 308 post
412 290 446 303 tres
454 290 470 303 et
478 287 537 308 viginti
548 292 601 303 annos
608 287 668 303 vitiata

87 312 113 331 sit,
121 313 161 333 quid
172 318 221 334 porro
232 313 322 329 dicendum
330 316 355 329 est
366 314 387 329 de
398 313 476 329 omnibus
485 313 618 329 ordinationibus
626 318 667 333 quas

87 338 168 359 plurimas
178 339 204 354 his
214 339 262 355 annis
273 339 300 355 ille
311 339 416 355 confecerat?
439 339 481 360 Quis
492 344 531 355 vero
542 339 633 355 sacerdotis
645 338 667 355 ab

87 369 108 380 eo
118 364 190 381 ordinati
201 364 313 381 characterem
325 365 341 381 in
351 365 467 386 quaestionem
475 365 553 380 vocavit?
575 364 614 380 “At
623 365 667 380 ordi-

87 390 173 406 nationem
185 396 216 411 pro
227 396 273 407 mera
285 391 306 406 ad
318 391 390 407 officium
402 390 488 411 quoddam
500 390 548 406 civile
561 391 667 411 promotione

86 416 158 432 habuitl'
178 417 248 433 Minime
256 417 373 436 concedimus;
385 417 414 433 sed
423 419 479 433 tamen
488 417 567 433 reseratur
574 417 667 438 propositio

87 445 147 463 quarta
157 448 179 459 ex
189 443 293 464 supradictis.
316 443 354 459 “At
362 444 378 459 in
390 443 451 459 multos
460 446 477 459 et
487 443 593 464 gravissimos
604 448 666 459 errores

87 468 130 484 circa
145 474 201 485 sacros
216 470 283 485 ordines
301 469 394 485 inciderat.¹’
421 469 465 485 item
480 469 560 485 reseratur
574 469 667 490 propositio

87 494 164 515 septima.
187 495 223 511 Nec
230 495 299 516 quidem
307 497 324 511 et
331 495 363 511 hoc
369 500 426 510 verum
435 500 471 511 esse
479 495 548 511 omnino
555 495 666 511 concedimus.

88 520 133 541 Quid
147 525 187 536 vero
200 521 221 536 de
234 521 285 536 sacris
299 521 385 537 ordinibus
397 520 424 537 ille
436 521 490 542 reipsa
501 521 571 537 senserit
582 520 668 541 superius·

87 546 195 562 ostendimus.
218 546 256 562 “At
267 547 328 562 reiecto
340 547 410 567 antiquo
422 546 514 562 Pontificali
526 552 588 562 novum
600 552 668 567 prorsus

88 573 138 589 ritum
151 572 167 588 in
179 573 304 589 consecratione
315 573 396 592 adhibuit,
407 573 452 589 unde
463 575 530 589 constat
541 578 579 589 eum
592 573 608 589 id
622 574 667 594 quod

88 598 163 614 Ecclesia
174 598 227 614 facere
237 598 302 615 solebat
310 599 378 615 minime
387 599 491 615 intendisseJ'
514 599 580 620 Nempe
589 599 605 615 id
613 599 667 615 facere

87 625 159 641 intendit
169 625 214 645 quod
226 625 302 641 Ecclesia
312 626 421 646 particularis=
431 626 494 642 scilicet
505 626 604 646 Anglicana,
616 631 666 646 quarn

87 652 122 672 ipse
137 651 194 672 procul
210 651 262 667 dubio
277 654 343 672 putaret
359 652 452 668 membrum
468 657 504 668 esse
517 657 566 668 verae
581 652 667 668 Ecclesiae

87 677 188 697 universalis,
200 677 235 694 fieri
248 678 305 694 voluit.
329 679 379 694 Porro
392 678 432 699 quid
446 678 484 694 novi
498 678 546 694 fuerit
558 678 574 694 in
586 678 618 694 hoc
629 678 667 698 ritu,

86 709 120 725 qua
134 704 223 720 sedulitate
234 707 291 725 partes
302 705 398 721 essentiales
410 704 508 721 sacramenti
521 704 589 721 Ordinis
600 709 666 720 conser-

87 732 136 746 vatae
154 730 192 749 sint.
207 730 260 746 fusius
279 730 295 746 in
314 731 369 751 capite
384 731 469 751 superiore
488 730 621 746 demonstratum
636 733 666 746 est

88 755 201 772 Intentionem
212 761 251 772 vero
262 756 347 772 Ecclesiae
358 762 391 777 qua
402 756 429 772 hic
440 757 480 772 ritus
490 756 565 772 adhiberi
575 756 640 775 debeat,
650 756 666 772 in

87 781 119 797 hoc
138 781 174 802 ipso
189 782 244 802 capite
259 782 373 802 exposuimus.
404 782 452 803 Quae
467 782 480 797 si
497 782 568 798 intentio
583 782 665 798 actionem

88 807 153 823 Barlovi
164 807 249 826 direxerit,
257 808 330 824 dubitari
340 813 373 823 non
384 810 441 829 potest
450 808 490 828 quin
499 807 526 823 ille
537 807 582 828 quod
590 807 666 824 Christus

87 834 163 853 instituit,
174 834 220 854 quod
234 834 325 850 Christiani
339 834 392 850 facere
406 834 486 854 solebant,
497 834 557 850 saltem
569 834 586 850 in
597 834 667 850 confuso

86 860 180 876 intenderit.

120 886 156 903 150.
179 886 217 902 “At
227 886 303 903 Ecclesia
313 887 409 907 Anglicana
419 889 470 907 negat
480 886 562 903 Ordinem
573 892 666 903 sacramen-

87 914 123 928 tum
131 917 171 931 esse,
180 912 250 933 ideoque
258 913 328 928 ministri
337 912 385 928 huius
392 912 478 928 Ecclesiae
486 912 502 928 in
510 912 615 928 conferendis
622 912 666 928 ordi-

88 938 136 954 nibus
142 939 241 955 sacramenti
249 939 370 955 confectionem
377 939 464 955 intendere
470 938 538 955 omnino
547 941 638 959 nequeunt;
649 939 666 954 id

87 967 144 980 autem
152 964 197 985 quod
205 964 222 980 in
233 964 265 980 hac
274 970 290 981 re
299 965 374 981 Ecclesia
382 964 422 980 facit
429 967 455 980 est
464 964 546 980 confectio
557 964 667 984 sacramenti;

87 995 127 1011 ergo
142 990 216 1011 episcopi
232 991 322 1011 Anglicani
340 996 373 1007 nori
389 991 479 1007 intendunt
497 990 552 1007 facere
566 991 612 1012 quod
627 991 667 1007 facit

88 1017 177 1033 Ecclesia?
197 1017 292 1038 Responsio
300 1020 347 1038 patet
354 1022 376 1033 ex
383 1017 497 1038 propositione
505 1019 568 1033 octava.
587 1017 668 1038 Quinimo

88 1047 169 1063 negamus
178 1043 286 1063 praemissam
297 1043 403 1063 superiorem.
426 1043 502 1059 Ecclesia
512 1043 607 1064 Anglicana
615 1048 668 1064 quan-

308 1076 312 1084 ¹
321 1077 351 1089 vadi
357 1081 399 1093 supa,
406 1081 419 1089 n.
425 1077 446 1093 ⁶5,

308 1096 313 1105 ¹
321 1097 351 1110 vn
357 1101 370 1110 n.
378 1098 393 1113 ⁵¹³
399 1101 434 1114 seqq.
