794 1248
103 78 133 94 168
252 81 292 94 car.
304 81 327 93 vr.
349 80 374 93 DE
386 79 443 93 muxl
454 80 469 93 s.
481 80 496 93 Β.
509 79 525 93 Β.

101 122 143 138 sime
158 121 275 137 interfuissent.
303 120 370 142 Quippe
385 121 399 137 si
415 121 431 137 in
447 120 501 137 verbis
516 120 552 136 eius
567 120 681 139 institerimus,

101 148 156 164 dicere
164 147 248 168 oportebit
259 147 354 163 Bonnerum
365 152 399 162 non
407 151 465 162 ornnes
476 146 583 167 presbyteros
594 146 680 162 Edwardi-

102 179 133 189 nos
143 178 173 194 pro
181 173 234 194 falsis
244 173 326 193 habuisse,
336 173 366 189 sed
378 178 407 189 eos
417 175 484 189 tantum
494 178 565 193 quorum
576 173 680 189 ordinatores

102 200 119 216 in
129 199 211 216 haeresim
221 200 265 215 circa
276 199 293 216 S.
304 199 432 216 Sacramentum
443 199 501 215 altaris
512 199 613 216 incidissent
636 199 681 215 Sane

102 225 173 245 Bonner,
181 228 199 242 ut
210 226 233 242 ait
244 225 324 247 Gasquet,
331 226 383 242 homo
393 226 476 247 practicus
486 228 526 245 erat,
535 226 552 242 in
563 225 580 242 S.
588 225 681 247 Theologia

102 252 171 268 minime
178 252 238 268 doctus
243 252 252 268 ¹.

134 278 171 294 ²48.
193 277 324 299 Obiurgationes
331 278 430 299 vaniloquas
441 278 533 298 habemus:
545 278 608 294 nullum
617 281 681 294 certum

101 304 217 320 testimonium
230 304 251 320 de
265 304 397 320 ordinationibus
411 304 480 320 omnino
495 304 586 320 reiciendis⁴
617 304 681 321 Contra

102 330 133 346 hos
146 330 191 350 ipsos
204 330 289 351 praesules
303 330 336 346 iam
350 333 400 346 antea
413 330 430 346 in
445 330 560 346 testimonium
574 330 682 349 adduximus,

102 356 131 377 qui
144 356 209 372 actibus
222 356 256 372 suis
269 356 336 372 ordines
350 356 398 372 iuxta
412 361 474 372 novum
487 356 537 372 ritum
551 358 638 377 susceptos
651 361 682 377 pro

102 382 145 398 veris
156 382 285 403 obsignaverint.

136 408 172 425 249.
196 408 228 424 His
240 408 290 429 igitur
303 408 382 429 expensis
394 414 438 429 quae
452 408 552 424 auctoritate
567 408 584 425 S⁴
596 408 682 424 Ecclesiae

104 434 192 450 Romanae
200 434 253 450 Maria
262 436 342 455 regnante
353 434 419 454 fiebant,
428 434 468 450 nihil
479 434 572 450 invenimus
580 434 625 455 quod
634 434 682 450 nulli-

104 463 156 476 tatem
165 460 289 476 ordinationum
300 460 433 481 Anglicanarum
444 463 489 476 recto
497 461 570 479 inducat,
578 460 631 476 multa
639 465 682 481 quae

104 492 132 502 eas
144 491 174 507 pro
184 486 243 502 validis
254 489 293 502 tunc
304 486 370 502 habitas
381 486 440 502 saltem
451 486 577 507 interpretative
588 486 682 502 ostendant.

105 513 144 529 Non
150 513 218 534 quidem
225 513 298 529 rationes
304 513 443 529 demonstrativas
450 517 480 528 nos
485 513 585 533 produxisse
591 518 683 531 censemus,

104 539 133 555 sed
142 539 278 560 probatissimum
289 544 325 554 esse
333 539 415 555 credimus
424 539 440 554 in
448 539 532 559 legatione
541 538 589 555 Card.
598 539 633 554 Poli
642 538 682 554 nihil

104 567 163 581 contra
170 564 244 581 valorem
252 565 311 581 harum
319 565 444 581 ordinationum
452 565 544 585 generatim
552 565 644 584 definitum,
653 565 682 581 sed

105 596 135 612 pro
148 591 244 607 diversitate
258 596 367 612 personarum
381 591 403 607 rei
419 592 546 612 investigandae
561 596 618 607 curam
633 591 683 607 fuisse

105 618 203 639 impensam,
218 618 261 633 adeo
276 620 294 634 ut
311 622 369 634 omnes
385 617 402 634 in
419 617 455 634 suis
472 617 556 634 ordinibus
573 617 684 638 recuperentur,

105 648 175 664 quorum
191 643 207 659 in
223 643 355 664 promotionibus
373 646 439 659 servata
453 646 493 659 essct
506 644 566 664 forma
583 646 600 659 et
617 643 685 659 intentio

105 669 189 688 Ecclesiae,
200 669 222 685 ad
233 669 355 685 conficiendum
368 672 490 685 sacramentum
503 670 599 685 necessaria.

134 720 156 736 IL
178 720 203 736 De
214 720 241 736 his
251 725 292 741 quae
298 720 360 741 primis
371 720 478 737 Elisabethae
488 720 538 736 annis
545 721 648 741 gerebanmn

138 761 175 777 250.
198 761 259 777 Postea
273 766 313 777 vero
324 766 376 782 quarn
389 761 488 777 Elizabetha
500 761 533 777 iam
546 766 597 782 regno
612 764 685 782 excepto

106 787 224 803 auctoritatem
236 787 253 803 S.
266 787 314 803 Sedis
326 787 381 803 denuo
393 787 503 807 renunciarat,
513 788 593 803 continuo
605 788 621 803 in
634 787 685 803 Curia

107 813 185 829 Romana
201 813 296 829 cautissime
314 813 398 834 agebatur.
421 813 509 834 Episcopis
524 813 569 829 enim
586 813 685 834 Anglicanis

107 839 140 855 sere
159 839 241 859 omnibus,
260 841 279 855 ut
298 839 314 855 in
333 839 388 860 primo
406 840 462 860 capite
481 840 588 858 narravimus,
607 839 686 860 depulsis,

107 864 146 880 novi
155 864 237 885 surrogati
247 866 291 884 sunt,
299 865 327 885 qui
338 865 386 880 iuxta
395 870 457 881 novum
469 865 519 881 ritum
531 865 623 881 consecrati
634 864 685 880 eccle-

107 890 140 905 sias
153 890 174 905 de
188 889 232 906 sacto
247 890 350 909 obtinebant,
363 893 379 906 et
393 890 428 906 iure
443 890 527 906 ordinario
542 890 686 906 administrabant.

108 916 144 932 Nec
154 918 211 932 tamen
222 916 243 932 de
251 916 277 931 his
285 916 334 932 rebus
342 917 431 937 quicquam
440 917 505 933 Romae
513 919 578 932 motum
586 917 684 932 invenimus.

108 942 159 959 Curia
166 942 207 958 nihil
215 942 294 963 agitabat.
318 943 362 958 Novi
369 943 458 962 antistites,
466 943 504 958 novi
515 943 560 961 ritus,
568 948 621 963 neque
634 942 686 963 agniti

108 973 139 984 nec
154 968 237 988 reprobati
252 970 294 984 sunt.
323 968 362 984 Pius
378 968 407 984 lv.
422 970 461 989 post
476 970 546 984 mortem
563 968 609 984 Pauli
625 968 655 984 1V.
670 967 686 983 in

108 994 224 1015 pontificatum
240 994 319 1010 suffectus
334 994 398 1010 litteras
413 995 482 1010 caritate
497 994 576 1015 pastorali
592 994 649 1015 plenas
664 994 686 1010 ad

109 1020 183 1041 reginam
198 1020 269 1041 scripsit,
282 1025 352 1041 eamque
367 1021 389 1036 de
405 1020 485 1039 Concilio,
499 1020 544 1041 quod
560 1022 598 1041 post
617 1020 686 1041 longum

109 1046 214 1062 intervallum
230 1047 321 1062 instaurare
335 1046 410 1067 optabat,
424 1046 510 1062 certiorem
524 1046 568 1065 fecit,
582 1051 647 1062 necnon
662 1046 687 1061 in-

133 1091 138 1099 1
148 1091 173 1104 ΗΑ
179 1091 238 1108 pumen
245 1096 274 1104 man
280 1091 302 1104 hut
308 1091 372 1108 evidently
377 1095 394 1104 no
400 1091 485 1107 theologi-n?
491 1091 551 1107 emp-ez,
558 1093 577 1107 φ,
584 1091 604 1104 ιη,
611 1095 624 1107 p.
630 1091 651 1104 ω.
