794 1248
117 95 128 105 Χ
351 93 460 107 PRAEFATIO.

116 132 214 149 condicione
225 132 323 151 concedant,
331 132 420 149 adversarii
432 133 453 149 de
463 133 533 149 caeteris
544 133 621 150 dubitare
632 133 694 150 volunt-

116 163 145 179 An
159 163 223 184 parvuli
236 163 288 179 nostri
301 165 339 184 post
352 163 437 184 baptisma
450 163 526 184 spiritum
538 166 615 180 sanctum
627 164 644 180 in
655 169 695 180 con-

116 193 211 210 firmatione
218 194 333 214 susceperint?
355 194 383 210 An
391 199 452 215 corpus
461 197 478 210 et
488 194 586 215 sanguinem
598 194 667 210 Domini
678 195 695 211 in

117 223 222 240 Eucharistia
232 228 271 240 vere
281 223 405 244 percipiamus?
426 224 455 240 An
466 224 561 240 sacerdotes
572 224 624 240 nostri
636 224 695 241 officiis

116 257 133 270 et
146 254 254 270 facultatibus
267 259 278 270 a
291 254 366 270 Domino
378 254 461 270 concessis
475 260 513 271 vere
526 254 623 275 potiantur?
646 255 695 272 Haec

116 285 172 300 omnia
185 285 201 300 in
215 284 338 301 dubitationem
351 289 389 300 cum
405 285 437 301 hac
451 285 557 301 dubitatione
572 286 594 302 de
608 286 695 302 ordinibus

115 314 208 331 trahuntur.
236 314 255 331 Si
270 316 326 330 autem
342 319 381 330 vera
396 317 421 330 est
437 315 526 334 dubitatio,
540 315 604 331 sincera
622 316 695 337 negatio,

115 346 191 367 quamvis
202 345 233 366 ipsi
244 345 290 361 nullo
301 345 352 361 modo
362 344 464 364 dubitamus,
471 345 563 366 querellam
575 351 608 362 non
619 346 693 363 facimus.

116 375 150 392 Sed
169 375 214 397 quod
233 375 331 391 scandalum
351 374 399 391 nobis
418 374 458 391 facit
477 375 509 391 hoc
527 377 562 391 est:
580 376 694 392 dubitationes

115 406 206 428 aliquando
221 406 243 422 ob
258 406 348 422 utilitatem
363 408 465 427 propagatas
479 406 541 426 videri3
556 406 636 427 figmenta
651 407 694 423 serio

115 437 186 453 resumta
194 441 223 458 per
231 439 298 457 tempus
305 439 371 453 tantum
379 436 443 457 seponi,
451 439 469 452 ut
478 441 533 452 rursus
545 437 588 453 inter
597 437 693 458 ignorantes

114 468 231 489 dispergantur
236 473 241 487 ;
252 467 336 484 obsoletas
345 468 366 483 de
374 467 432 484 ritibus
441 468 529 488 opiniones
540 470 647 487 sustentatas,
654 473 692 484 eum

115 504 145 518 res,
160 499 201 515 alias
216 498 310 517 manifesta,
325 504 355 520 per
372 504 401 515 eas
419 499 503 515 obscurari
521 499 578 520 possit.
606 499 634 518 Et,
648 500 694 520 quod

114 530 230 549 miserrimum,
237 530 279 546 haec
286 530 343 546 omnia
351 530 385 546 fieri
394 530 410 546 iu
419 530 486 546 nomine
495 530 536 546 Eius
544 530 572 551 qui
580 530 641 546 veritas
649 533 679 547 est.

147 591 253 607 Commendo
262 596 303 612 ergo
313 591 402 607 lectoribus
414 591 488 607 externis
499 596 542 612 opus
552 591 597 612 quod
608 591 692 612 sequitur:

114 622 203 643 probatum
222 622 254 638 iam
271 622 287 638 in
302 622 370 643 Anglia,
385 624 402 638 et
418 621 478 638 Latina
494 621 569 638 versione
584 621 617 638 iarn
633 622 693 638 merito

113 652 200 671 donatum,
215 655 233 668 ut
253 652 317 673 plenius
332 654 350 668 et
365 652 457 668 accuratius
473 652 489 668 in
504 652 562 668 orbem
578 652 692 669 Christianum

113 682 197 704 procedat.
221 682 286 703 Scopus
298 687 337 698 vero
350 682 402 698 totius
415 682 451 699 libri
465 682 492 698 hie
507 685 533 699 est
548 685 566 698 ut
581 683 641 699 veritas
657 683 692 698 sine

113 713 246 729 dissimulatione
261 712 359 728 innotescat.
383 712 450 728 Norunt
463 714 539 728 auctores
554 717 572 728 se
587 717 648 729 munus
663 713 692 729 ad-

113 744 183 760 modum
195 743 262 760 difficile
275 743 377 764 suseepisse;
391 748 424 759 non
434 743 504 759 credunt
517 748 535 759 se
548 748 611 760 errores
623 744 692 760 omnino

113 774 201 793 devitasse,
209 779 263 795 neque
271 774 287 790 in
298 776 333 790 tam
344 779 396 795 parvo
406 773 491 789 volumine
501 774 558 789 omnia
568 779 611 795 quae
622 773 692 790 lectores

113 810 192 825 quaerere
204 805 277 826 poterint
290 805 393 826 congessisse
405 807 422 821 et
435 805 511 821 edidisse.
535 804 569 821 Sed
583 807 622 821 ante
635 805 692 821 omnia

112 835 200 852 veritatem
208 838 304 856 sequuntur,
324 835 415 852 Censuram
424 835 495 851 virorum
503 835 591 851 docturum
600 841 633 852 non
641 836 692 852 modo

113 871 147 882 non
159 866 247 886 refugiunt,
258 866 287 882 sed
300 866 370 882 libenter
380 866 509 887 amplectuntur,
519 868 536 882 et
548 866 561 882 si
572 866 612 887 quid
625 866 692 882 luminis

112 901 135 912 ex
143 896 197 912 aliena
205 896 275 912 ecclesia
282 896 370 912 accesserit
378 900 409 916 pro
416 895 498 912 beneficio
505 895 595 912 habebunt.

146 926 196 947 Quod
209 926 231 942 ad
245 929 319 942 nostram
332 925 420 942 ecclesiam
435 925 496 941 attinet
511 930 544 941 non
559 929 617 942 contra
632 927 690 943 orbem

113 956 226 972 Christianum
235 961 266 972 nos
273 956 343 972 veritate
351 955 405 972 sulum
414 955 476 976 potitos
484 955 580 972 asserimus:
591 961 624 972 non
633 961 691 972 omnes

113 986 199 1002 nobiscum
213 991 322 1002 consensuros
336 991 426 1007 speramus.
450 986 469 1002 Id
483 988 549 1002 tantum
561 987 656 1007 quaerimus
668 989 691 1006 ut,

112 1017 141 1038 qui
156 1016 210 1033 aliena
225 1017 345 1033 constitutione
359 1021 413 1032 rerum
425 1015 574 1032 ecclesiasticarum
589 1019 661 1036 utantur,
674 1017 690 1033 in

112 1047 169 1063 animo
180 1049 257 1068 reputent
267 1047 308 1068 quid
318 1047 349 1068 ipsi
360 1047 414 1063 facere
425 1046 516 1063 voluissent
526 1047 540 1063 si
548 1047 592 1063 cives
601 1048 690 1068 Anglicani
715 1061 717 1064 ,

112 1078 138 1094 vel
156 1078 226 1094 saeculis
244 1078 337 1099 praeteritis
352 1077 378 1093 vel
393 1082 437 1093 nunc
453 1077 516 1097 forent;
535 1083 585 1098 porro
601 1080 619 1094 ut
634 1083 690 1094 secum

112 1112 193 1130 quaerant
204 1115 225 1125 an
237 1110 342 1130 providentia
353 1109 385 1125 Dei
396 1113 429 1124 non
441 1108 503 1124 sactum
514 1109 536 1124 sit
548 1112 566 1125 ut
577 1109 619 1125 inter
631 1109 691 1125 veteris
