794 1248
108 88 137 100 112
272 88 311 101 CAP.
322 88 338 100 Vi
361 88 386 101 DE
397 88 518 101 SACERDOTIO.

106 127 148 143 ritus
159 127 231 143 Romani
242 127 303 143 addere
312 127 396 143 deberent
418 127 464 143 Nihil
472 130 528 143 autem
537 128 558 144 de
566 127 685 143 additamentis

106 153 180 172 dictum;
197 153 236 169 nihil
252 153 273 170 de
289 153 347 169 ritibus
362 154 467 174 complendis
481 159 524 175 quos
539 153 562 169 illi
577 154 617 169 olim
633 153 685 169 habu-

106 181 165 198 erunt3
177 184 207 195 nee
218 180 307 200 quicquam
318 179 370 195 defuit
381 179 460 196 Armenis
470 185 492 196 ex
503 180 527 196 eis
537 185 580 200 quae
591 180 607 195 in
618 180 686 195 decreto

107 205 186 221 materiae
194 208 286 221 ceterorum
294 208 435 222 sacramentorum
444 208 561 222 memorantur.
581 205 686 222 Sacramenti

107 230 176 247 Ordinis
188 231 256 252 perinde
270 236 289 247 ac
303 231 355 247 sancti
370 231 479 252 Baptismatis
493 236 526 247 una
539 233 605 247 tantum
619 231 687 251 ponitur

106 256 185 272 materia:
196 257 245 272 huius
256 262 300 277 aqua
310 262 349 273 vera
359 260 376 273 et
388 257 472 276 naturalis,
480 257 523 273 illius
534 257 616 277 porrectio
627 257 686 272 instru-

106 285 200 298 mentorum
216 285 242 298 est
257 283 330 299 materia„
354 283 404 299 Porro
422 283 448 299 vel
467 283 527 299 clarior
545 283 599 299 elucet
616 283 686 298 intentio

106 309 168 325 decreti
182 310 195 325 si
208 314 246 325 curn
260 309 340 330 opusculo
353 311 413 330 quarto
429 308 445 325 S.
461 309 537 325 Thomae
552 309 573 325 ad
589 309 686 330 episcopum

108 335 244 351 Panormitanum
251 335 349 351 conferatur.
365 337 374 343 ‘¹
380 335 455 351 Postulat
463 340 472 351 a
480 335 521 354 meJ'
529 335 583 356 inquit
590 335 687 356 Angelicus,

106 363 175 377 “vestra
187 361 259 380 dilectio.
273 363 291 377 ut
305 361 326 377 de
339 361 420 377 Articulis
436 361 482 377 Fidei
498 364 515 377 ct
529 361 614 377 Ecclesiae
628 361 686 377 Sacra-

107 388 168 404 mentis
174 388 229 408 aliqua
236 387 282 403 vobis
288 388 407 408 compendiose
413 392 443 408 pro
450 387 541 403 memoriali
548 387 687 403 transcriberem'*

108 413 174 429 Deinde
181 413 218 429 aliis
226 413 301 429 tractatis
306 418 344 429 cum
353 413 374 429 ad
383 416 504 429 sacramentum
512 413 580 430 Ordinis
588 416 686 434 perventum

108 440 134 459 sit,
145 439 243 458 “Materia,''
254 439 312 460 inquit,
320 439 383 462 “hu-ius
394 439 498 455 Sacramenti
510 442 535 455 est
548 439 588 455 illud
602 439 687 455 materiale

108 471 138 486 per
152 466 198 481 cuius
213 465 320 481 traditionem
335 465 419 481 confertur
435 465 491 481 Ordo:
506 465 549 481 sicut
561 465 687 485 Presbyteratus

108 492 180 508 traditur
190 497 219 512 per
229 491 336 507 collationem
347 491 413 510 calicis;
424 494 440 507 et
451 491 521 512 quilibet
530 491 572 507 ordo
579 491 651 507 traditur
658 496 688 512 per

107 518 214 534 collationem
225 518 269 534 illius
279 518 301 534 rei
312 523 355 538 quae
366 518 454 538 praecipue
465 518 537 538 pertinet
547 517 568 533 ad
577 517 687 533 ministerium

109 544 153 560 illius
165 544 227 560 ordinis
232 543 249 560 ¹.’'
273 544 356 564 Quorsum
370 544 423 560 haec?
447 544 485 560 Non
497 544 525 560 ille
536 544 577 560 haec
591 544 656 564 scripsit
669 546 688 559 ut

109 570 204 587 Orientales
212 570 271 586 ritibus
279 570 371 586 instrueret*
395 570 440 590 Quid
448 570 500 590 ergo?
523 570 591 591 Quippe
600 570 687 586 materiam

109 596 189 612 indicavit
203 601 254 616 quam
270 596 292 611 ab
307 596 353 612 initio
369 596 385 612 in
402 600 485 611 sacrorum
503 596 580 612 ordinum
599 595 688 612 collatione

109 625 205 643 usurpatam
219 621 269 638 fuisse
282 622 364 638 credebat
388 622 466 643 Namque
479 627 501 638 ex
515 624 571 638 mente
583 622 600 638 S.
612 622 688 638 Thomae

109 649 173 664 “debet
186 653 222 664 esse
236 648 293 664 divina
307 648 410 664 institutione
422 648 557 667 determinatum,
568 653 612 669 quae
627 653 653 664 res
666 648 686 663 ad

109 674 238 695 significandum
253 677 360 690 assumantur
375 675 390 690 in
405 674 437 690 hoc
448 674 474 690 vel
488 674 504 690 in
519 674 547 690 illo
561 674 688 690 sacrament0¹.''

110 701 169 721 Itaque
177 701 297 721 porrectionem
306 700 454 716 instrumentorum
462 700 484 716 ab
493 700 529 721 ipso
538 700 605 716 Christo
613 700 688 716 Domino

109 727 207 745 institutam,
223 729 273 747 atque
289 726 305 742 in
324 726 399 742 Ecclesia
414 731 480 747 semper
495 728 512 742 et
527 726 588 747 ubique
603 729 687 747 receptam

109 753 159 769 fuisse
178 753 205 769 ille
224 753 299 773 putavit;
318 757 369 773 quam
385 752 484 768 sententiam
500 752 613 773 sequebantur
627 754 644 768 et
659 752 687 768 alii

108 779 197 799 scriptores
212 778 311 797 scholastici,
323 778 424 794 Graecarum
437 778 566 797 ordinationum,
578 781 596 794 ut
611 778 634 794 ait
650 778 688 794 Mo>

109 805 159 823 rinus,
174 805 231 825 ignari,
246 807 263 820 et
278 804 357 825 antiquae
373 804 471 820 Latinorum
487 804 581 820 traditionis
597 804 687 820 incuriosi'.

110 831 157 847 Haec
165 836 205 847 vero
212 831 295 846 sententia
303 830 319 846 in
327 831 394 846 decreto
406 830 505 850 Eugeniano
515 830 555 851 ipsis
566 830 599 846 sere
609 830 687 851 Angelici

108 856 163 872 verbis
172 857 276 877 exprimitur.
292 856 337 877 Ergo
348 856 388 872 nihil
399 856 444 872 aliud
455 856 546 872 intendisse
556 856 622 872 videtur
631 856 688 872 Ponti-

109 883 143 902 fex,
150 888 201 903 quarn
212 885 230 899 ut
241 887 289 898 usum
298 882 383 898 Ecclesiae
392 882 480 898 Romanae
490 882 512 898 ab
522 882 569 898 initio
580 883 687 898 immutatum

108 911 205 930 exponeret.
228 909 267 924 Non
278 908 306 924 ille
316 909 383 929 quidem
394 914 432 924 cum
442 909 550 924 veterioribus
558 913 625 924 censere
633 909 688 929 potuit

108 937 163 951 totam
172 934 264 951 Ecclesiam
275 934 319 950 hunc
327 934 376 950 ritum
387 935 473 955 recepisse,
480 934 506 950 vel
514 934 557 950 hanc
565 934 618 950 solam
626 939 662 950 esse
671 934 687 950 in

108 961 187 977 omnibus
201 960 285 976 Ecclesiae
299 960 373 981 partibus
386 960 479 976 adhibitam
494 960 581 976 sacerdotii
596 960 687 976 materiam.

110 987 188 1008 Namque
201 987 217 1002 in
230 986 305 1003 Concilio
318 986 400 1002 sedebant
413 986 472 1002 Graeci
487 991 559 1007 quorum
574 987 688 1002 ordinationes

108 1013 144 1029 sola
153 1017 232 1028 manuum
240 1012 346 1033 impositione
354 1012 424 1028 collatas
432 1013 467 1033 ipse
472 1015 567 1033 agnoverat⁴
585 1012 687 1033 Opinionem

158 1050 163 1058 ¹
172 1051 186 1063 s,
192 1051 239 1063 Tuom.
246 1051 271 1066 Aq.
278 1050 301 1066 op.
307 1051 353 1063 onmia.
372 1050 406 1063 Edit.
414 1051 476 1063 Puniens
484 1052 514 1063 tom.
522 1055 542 1063 xv.
549 1055 570 1067 pp.
579 1054 638 1066 nsrm.

158 1070 164 1079 ¹
172 1071 225 1083 Summa
234 1071 274 1083 rhu-¹>
280 1071 294 1083 P.
300 1070 317 1083 iii.
324 1075 346 1087 qu,
352 1071 369 1084 lx.
376 1073 399 1083 m.
406 1075 417 1083 v.
424 1071 444 1083 aid⁴
454 1075 464 1083 ι.

158 1091 164 1099 ¹
172 1092 233 1107 Morinus.
241 1092 255 1104 Ρ.
261 1091 278 1104 iii.
286 1095 326 1104 exerc.
333 1092 341 1104 i.
347 1096 375 1108 cup.
381 1092 390 1104 i.
