794 1248
254 97 397 111 ORDINATIONES
409 97 541 110 REFORMATAE.
667 97 676 114 7
680 97 686 109 Ι

108 137 174 153 concilii
185 137 328 158 Carthaginiensis
339 137 358 153 iv.
369 137 436 158 praxim
447 137 526 153 ecclesiae
537 136 631 157 primitivae
641 136 687 152 brevi

109 163 184 179 referunt.
208 163 228 179 In
241 163 268 179 his
279 163 300 179 de
311 163 417 179 ordinatione
428 163 503 184 episcopi
514 165 531 179 et
543 162 636 183 presbyteri
647 162 688 178 talia

108 188 216 205 dicuntur:—

141 214 182 231 Can*
190 219 205 231 2.
227 215 321 236 Episcopus
329 220 367 231 curn
375 215 466 233 ordinatur,
473 214 508 230 duo
515 214 590 235 episcopi
598 216 663 234 ponant
671 216 688 230 et

108 243 177 256 teneant
185 240 309 261 evangeliorum
320 241 395 257 codicem
405 246 455 261 super
465 243 516 261 caput
526 243 544 256 et
555 240 636 256 cervicem
646 239 688 259 eius,

109 269 125 282 et
141 271 175 282 uno
189 271 239 287 super
253 272 292 282 eum
307 267 389 283 fundente
403 266 542 285 benedictionem.
556 265 614 286 reliqui
629 270 689 282 omnes

108 292 182 313 episcopi
190 292 218 313 qui
226 292 288 308 adsunt
296 293 373 308 manibus
380 292 415 308 suis
422 295 473 313 caput
480 292 516 308 eius
524 294 599 312 tangant.

141 317 182 334 Cart
193 322 207 338 3.
230 318 319 338 Presbyter
330 323 368 334 cum
379 318 471 336 ordinatur,
481 318 560 338 episcopo
571 322 609 333 eum
620 317 688 333 benedi-

109 345 158 359 cente
176 346 193 359 et
211 348 279 359 manum
295 349 345 365 super
359 346 411 364 eaput
425 343 461 359 eius
476 345 549 362 tenente,
563 343 614 359 etiam
629 347 688 359 omnes

109 369 201 390 presbyteri
216 369 244 390 qui
259 372 356 390 praesentes
370 371 409 385 sunt
425 374 484 385 manus
499 374 538 385 suas
556 369 604 385 iuxta
619 373 687 384 manum

109 395 183 416 episcopi
191 400 240 416 super
248 398 299 416 caput
307 395 350 411 illius
357 397 431 411 teneant*

142 423 177 439 109.
201 423 270 439 Necnon
278 423 380 439 Graecarum
388 423 481 439 litterarum
492 422 603 439 amantissimi
614 422 687 443 aliquam

109 449 171 465 rituum
179 449 285 465 orientalium
296 450 373 466 notitiam
381 450 410 466 vix
421 449 472 465 dubie
482 449 580 468 habuerunt,
591 449 638 464 iuxta
646 454 689 469 quos

109 475 181 491 ordinati
194 475 211 491 in
225 475 295 491 concilio
309 475 406 492 Florentino
419 478 500 496 tanquam
513 475 548 491 veri
563 475 656 496 presbyteri
671 477 688 491 et

109 501 183 522 episcopi
198 501 260 522 recepti
276 501 345 518 fuerant.
375 501 395 517 Id
411 501 434 517 eis
450 503 518 520 notum;
538 501 582 517 unde
597 506 627 522 pro
643 503 689 517 certo

109 526 203 543 habuerunt
218 527 250 543 sibi
265 527 314 543 licere
328 532 383 543 mores
398 527 503 547 antiquitatis
517 526 631 547 simpliciores
646 532 689 547 quos

109 553 206 574 diligentius
215 553 285 569 sortasse
295 558 345 574 quam
356 553 412 569 sanius
422 553 528 572 affectabant,
539 553 629 572 restituere,
637 555 689 574 atque

110 584 130 595 ca
137 580 256 600 praescindere,
262 579 308 595 salva
315 581 381 596 tanturn
390 580 459 595 materia
467 582 484 595 et
492 579 546 595 forma
551 579 640 598 essentiali,
645 584 689 600 quae

110 605 169 621 ritibus
174 606 258 622 veteribus
266 606 357 622 recentiora
363 606 476 622 accrevissent
496 606 546 622 Certe
554 605 570 621 in
580 605 635 621 medio
643 610 689 624 aevo,

110 631 156 652 quod
171 634 237 650 vocant,
251 631 346 647 scholastici
363 634 402 652 post
418 631 476 648 Sctum
492 632 576 647 Thomam
592 631 689 652 praesertim

111 657 198 673 materiam
209 663 293 674 sacrorum
303 658 380 674 ordinum
391 658 408 673 in
421 658 524 679 porrectione
537 658 690 676 instrumentorum,

111 683 210 700 recentiores
218 689 257 699 vero
265 684 282 699 in
290 683 322 700 hac
330 684 434 704 porrectione
442 686 493 704 atque
503 684 520 699 in
531 688 611 699 manuum
622 683 690 704 imposi-

110 709 157 725 tione
170 709 272 725 coniunctim
284 709 385 730 posuerant'·
412 709 483 725 Saeculo
495 712 551 725 autem
563 709 602 729 xvi.y
613 709 690 729 quamvis

111 735 167 751 sanior
180 735 208 751 illa
220 735 281 754 critica,
293 740 343 756 quam
357 735 415 751 laudat
427 734 510 754 Perrone‘.
522 735 572 751 rimas
585 735 690 755 antiquitatis

111 761 187 777 nondum
195 763 298 782 perscrutata
306 763 354 780 esset,
362 761 421 777 Graeci
432 763 488 777 tamen
497 761 538 777 ritus
546 761 648 777 nostratibus
656 761 689 777 iam

111 787 243 806 innotescebant,
248 787 308 808 quibus
314 787 441 803 labefactaretur
447 787 530 803 sententia
537 787 635 803 Latinorum
644 792 690 803 corn-

112 813 181 829 munior.
204 813 255 829 Porro
268 813 317 829 huius
328 814 364 829 aevi
376 814 453 829 doctores
465 818 498 829 non
511 813 565 834 pauci,
577 813 600 829 eis
615 818 658 834 quae
674 813 691 829 in

112 837 128 854 S.
143 838 232 859 Scripturis
245 838 334 854 traduntur
347 839 401 859 magis
415 839 473 858 innixi,
486 839 573 859 opiniones
587 844 632 854 mere
643 838 691 854 scho-

111 864 178 880 lasticas
185 864 292 885 impatienter
300 864 378 881 ferebant.
398 865 458 885 Neque
465 865 510 881 enirn
518 865 535 880 in
543 865 614 881 concilio
620 865 691 881 Triden-

111 890 152 909 tino,
160 890 177 906 id
187 890 268 906 suadente
277 890 325 907 Card.
334 890 448 911 Lotharingio,
456 891 545 911 quicquam
555 891 577 907 de
587 891 691 911 porrectione

112 916 260 932 instrumentorum
277 916 363 932 decretum
382 918 412 936 est,
427 917 456 933 sed
475 917 587 937 impositionis
605 922 690 936 manuum,

112 944 171 963 utpote
184 947 227 962 quae
240 942 257 957 in
271 941 288 958 S.
302 941 392 962 Scripturis
405 943 455 958 toties
469 942 552 962 reseratur,
564 943 615 959 solius
628 943 692 959 mentio

112 999 204 1013 numpmtur.
215 997 283 1009 rdmodurn
295 997 353 1013 antiquos
364 1001 391 1010 ene
402 999 440 1013 nque
450 1001 458 1010 ι
472 997 522 1014 privato
534 998 589 1014 quodam
602 1001 617 1010 ex
629 997 692 1010 amenis

112 1017 165 1033 fflisqire
170 1017 221 1033 synodis
226 1020 255 1030 anne
261 1018 324 1030 saeculum
331 1020 380 1030 smum
388 1018 437 1030 finitum
444 1018 508 1031 callemus.
526 1019 542 1031 ln
551 1018 646 1031 collectionibus
654 1018 692 1030 verni

114 1038 172 1054 Hispan
186 1039 199 1050 et
213 1038 339 1051 Pseudo-isidoriana
351 1041 389 1054 nque
403 1039 416 1051 in
431 1038 502 1051 Hudouini
516 1042 554 1055 opere
565 1039 638 1051 reseruntun
660 1038 693 1051 Vide

114 1058 185 1073 umam,
192 1060 223 1070 mm.
229 1058 237 1070 i,
243 1062 265 1074 pp.
271 1061 295 1074 975
301 1062 336 1075 seqq.
342 1063 346 1074 5
355 1059 402 1074 Mmsi,
409 1060 439 1072 tom.
446 1059 464 1071 ffi.
470 1063 492 1075 pp.
498 1063 522 1075 90⁵
529 1063 563 1076 seqq.

138 1078 143 1086 ¹
151 1078 171 1091 cc.
177 1078 242 1095 ἥμισυς
249 1079 289 1094 (ma,
295 1078 312 1091 so.
320 1079 353 1091 ιωι
361 1079 376 1091 Β,
382 1079 413 1091 «nr.
419 1079 457 1092 Pais
466 1083 502 1095 ιω».

138 1098 144 1107 ¹
153 1099 194 1111 rma.
201 1099 216 1111 a·
221 1099 271 1114 Mu,
278 1103 307 1115 ap.
312 1099 329 1112 iv.
335 1103 348 1112 n.
356 1103 383 1116 ¹²3-
