794 1248
108 92 129 108 24
207 91 247 104 ΕΑΡ.
259 91 270 104 Ι.
293 90 318 104 DE
330 90 413 104 PARKERI
424 90 588 104 CONSECRA'HONE.

107 131 139 147 nisi
150 131 212 147 Parker
222 131 271 147 iuxta
278 131 329 147 ritum
340 130 460 147 Edwardinum
471 133 578 147 consecratus
589 133 643 150 ossen
654 136 688 151 quo

107 162 147 173 casu
155 162 209 179 neque
217 157 245 173 ille
253 162 284 173 nec
292 157 350 178 reliqui
358 157 380 173 ab
386 157 424 178 ipso
431 157 523 173 consecrati
531 157 606 178 legitime
613 157 687 178 episcopi

107 183 203 200 evasissent.
227 183 272 200 Cecil
285 186 341 200 autem
353 184 437 204 ceterique
448 183 537 199 consiliarii
549 183 657 199 stultissimos
670 188 688 199 se

107 209 223 230 praebuissent
233 209 246 225 si
257 209 330 229 titulum,
338 214 388 230 quem
400 209 529 230 irrefragabilem
540 209 588 225 novis
599 209 688 230 Episcopis

108 238 192 256 praestare
202 235 269 254 vellent,
278 240 300 251 ex
310 235 436 251 consecratione
446 235 495 251 iuxta
506 235 556 251 ritum
567 235 687 251 Edwardinum

107 261 244 282 eonsecta,quam
251 262 314 277 nnllam
323 262 373 278 fuisse
381 262 447 281 scirent,
453 262 490 282 lege
498 262 613 278 derivassent¹.
632 261 687 278 Simili

108 287 159 303 modo
170 287 220 303 docet
232 287 311 304 Estcourt
322 288 352 308 (q).
363 287 388 303 cit.
400 292 416 308 p.
430 287 468 308 100)
480 287 511 303 nisi
523 287 598 304 Litterae
610 287 688 303 Patentes

108 318 165 329 revera
178 313 288 333 exstitissent,
300 318 371 334 quarum
383 313 483 330 auctoritate
494 313 628 329 consecrationes
639 313 688 329 iuxta

108 339 157 355 ritum
172 339 292 355 Edwardinum
305 344 362 355 revera
375 339 461 355 consectae
474 341 535 358 essent.
546 344 569 355 ex
580 339 612 355 hoc
623 341 687 355 statuto

108 365 149 381 nihil
163 370 230 386 prorsus
244 365 317 381 Parkero
329 365 432 386 collegisque
444 365 480 381 eius
493 365 544 381 fuisse
558 367 687 386 proventurum;

108 396 151 412 quos
159 393 216 407 tantae
223 391 305 408 stultitiae
315 397 352 408 reos
360 392 410 408 fuisse
419 391 446 408 ille
457 391 525 412 quidem
534 391 584 412 plane
592 391 688 407 incredibile

108 417 202 433 arbitratur.

141 443 167 460 33.
190 443 267 460 Eandem
281 444 363 460 rationem
376 444 424 460 affert
437 443 525 460 Articulus
538 444 554 459 in
568 443 688 459 convocatione

108 469 147 485 cleri
158 475 202 486 anno
214 470 254 490 1562
265 470 342 486 redactus
352 473 369 486 et
381 470 398 487 S.
407 470 472 491 Synodi
484 469 590 491 provincialis
601 469 688 486 Cantuari·

108 496 153 511 ensis
166 501 234 511 assensu
248 496 279 512 rite
292 496 369 514 sancitus.
381 496 410 516 qui
423 496 473 512 hodie
487 496 530 512 inter
541 496 594 511 xxxix
606 495 690 512 Artis-ulos

108 522 204 542 trigesimus
210 524 269 538 sextus
275 524 385 538 enumeratur.
406 522 438 538 His
444 522 499 538 verbis
507 523 611 538 constat:—“
615 521 689 538 Libellus

109 548 130 564 de
147 548 272 564 consecratione
290 548 453 569 archiepiscoporum
468 551 485 564 et
500 548 621 569 episcoporum,
636 550 653 564 et
668 548 689 564 de

108 573 214 590 ordinatione
233 574 367 594 presbyterorum
389 577 406 590 et
428 574 542 593 diaconorum,
560 574 615 590 editus
637 579 689 594 nuper

109 600 213 620 temporibus
223 600 302 616 Edwardi
311 600 341 616 V1.
352 603 369 616 et
380 601 481 616 auctoritate
492 600 599 616 Parliamenti
608 600 640 616 illis
649 600 689 620 ipsis

109 626 213 647 temporibus
224 626 337 645 confirmatus,
348 627 406 642 omnia
419 627 440 642 ad
453 626 535 642 eiusmodi
547 626 688 642 consecrationem

109 654 126 668 et
136 652 259 668 ordinationem
270 653 362 668 necessaria
373 653 453 672 continet,
463 655 480 669 et
492 652 532 668 nihil
544 652 599 671 habet,
609 652 655 673 quod
667 657 689 668 ex

109 683 127 694 se
142 678 164 694 sit
179 681 208 694 aut
224 679 362 699 superstitiosum,
378 681 407 695 aut
422 679 503 700 impium;
522 679 579 700 itaque
594 679 689 699 quicunque

109 704 158 720 iuxta
170 705 211 720 ritus
222 704 266 720 illius
280 704 317 721 libri
328 705 421 721 consecrati
433 707 461 721 aut
473 705 545 721 ordinati
557 707 600 724 sunt,
611 704 633 720 ab
645 709 689 720 anno

109 731 183 746 secundo
191 730 271 751 praedicti
282 731 325 751 regis
334 730 413 746 Edwardi
424 736 476 751 usque
484 731 505 746 ad
514 731 546 746 hoc
556 733 627 751 tempus,
635 732 665 746 aut
673 730 689 746 in

110 759 195 777 posterum
204 757 252 773 iuxta
258 757 326 773 eosdem
333 757 374 773 ritus
380 757 522 773 consecrabuntur
528 759 557 773 aut
563 755 689 774 ordinabuntur,

110 782 141 798 rite
151 785 202 803 atque
212 783 271 799 ordine
281 785 332 804 atque
343 783 419 804 legitime
429 783 519 799 statuimus
529 788 566 799 esse
577 785 594 798 et
605 782 640 798 sore
650 787 689 798 con-

110 811 183 824 secratos
202 811 219 824 et
237 808 337 825 ordinatos.'¹
367 809 433 830 Quibus
452 809 507 825 verbis
522 813 560 824 cum
576 808 593 824 S.
609 808 689 828 Synodus

110 839 189 855 expresse
195 834 289 851 definiverit
297 840 330 854 eos,
335 835 364 855 qui
372 835 421 851 iuxta
429 837 493 851 certum
501 835 551 851 ritum
560 839 615 850 sacros
623 834 689 850 ordines

109 861 221 881 suscepissent
234 860 267 876 rite
278 863 326 881 atque
339 861 396 876 ordine
408 863 457 881 atque
469 860 540 881 legitime
554 863 659 876 consecratos
673 862 690 876 et

110 886 195 902 ordinatos
209 886 263 905 fuisse,
277 886 383 903 manifestum
400 889 430 906 est,
441 887 454 902 si
471 887 533 903 Parker
547 886 689 902 consecrationem

110 915 140 928 aut
151 912 214 928 nullam
226 914 255 928 aut
267 913 300 928 alio
311 913 385 934 quodam
398 913 449 929 modo
460 912 553 928 confectam
568 913 661 933 recepisset,
673 914 690 928 et

110 938 165 959 ipsum
177 941 194 954 et
205 938 353 959 comprovinciales
367 938 451 959 praesules
463 938 575 954 characterem
590 943 638 954 suum
652 943 689 959 pro-

110 964 164 985 prium
176 964 288 985 episcopalem
300 964 331 980 hac
342 965 377 980 lata
388 964 507 980 constitutione
519 964 579 980 saltem
591 964 608 980 in
620 964 689 980 dubium

110 993 170 1011 sponte
185 995 276 1006 revocasse.
305 990 356 1011 Quod
371 996 412 1007 sane
427 990 564 1006 absurdissimum
584 993 613 1006 est.
644 990 690 1011 Ergo

111 1019 149 1038 post
163 1017 306 1033 consecrationem
321 1017 388 1033 Parkeri
402 1017 474 1033 triennio
488 1016 504 1033 S.
517 1016 596 1037 Synodus
610 1016 691 1037 implicite

110 1043 180 1059 asseruit
195 1043 339 1064 archiepiscopum
355 1043 404 1059 iuxta
417 1043 466 1059 ritum
481 1042 601 1058 Edwardinum
615 1042 691 1063 legitime

111 1071 225 1085 consecratum
237 1068 292 1085 fuisse.

209 1098 212 1106 ¹
222 1099 278 1115 nugaci
287 1099 299 1111 in
308 1099 351 1112 Βῐνηι,
359 1099 395 1112 cazh.
402 1099 438 1115 Mag.
444 1099 470 1112 vol.
476 1102 487 1111 v.
495 1102 517 1115 pp.
524 1101 552 1115 ⁷¹⁴·
560 1102 587 1114 777.
