794 1248
335 101 456 114 TESTIMONIA.
664 101 684 118 ⁵³

138 139 163 156 78.
187 140 207 156 In
218 139 276 156 libello
287 140 401 161 manuscripto
411 140 457 161 apud
468 140 562 161 Collegium
574 140 683 156 Heraldicum

106 165 219 181 Londiniense
232 168 323 185 asservato,
335 166 362 182 cui
377 165 436 182 titulus
451 165 527 182 Funeral
541 165 640 187 Certificates
650 166 686 182 and

107 191 174 207 Buri'als
187 191 209 212 (ι.
222 191 237 207 ii.
249 196 265 212 p.
278 191 312 212 92),
326 194 394 207 exstant
408 191 476 207 nomina
489 192 606 212 episcoporum
620 192 648 213 qui
662 192 684 208 ad

105 217 193 238 obsequias
205 217 274 233 Hem-ici
285 217 335 233 VIII*
345 217 450 238 peragendas
461 217 537 238 deputati
548 220 591 234 sunt.
614 217 638 234 Hi
649 217 684 234 sue-

106 245 144 259 runt
158 243 254 264 Stephanus
266 243 349 259 Gardiner
360 243 480 263 Wintonensis,
492 243 595 260 Cuthbertus
605 243 684 260 Tunstall

106 269 229 289 Dunelmensis,
240 269 341 285 Edmundus
353 269 420 285 Bonner
431 270 554 289 Londiniensis,
565 270 593 291 qui
604 275 626 286 ex
634 270 684 291 privi-

105 295 153 316 legiis
165 295 230 311 sedium
241 300 309 311 suarum
321 295 375 316 primo
386 295 499 314 nominantur,
510 295 585 312 Thomas
598 295 683 312 Goodrich

106 321 182 340 Eliensis,
192 321 287 337 Willelmus
298 321 363 337 Barlow
373 321 491 341 Meneviensis,
500 321 583 337 Henricus
595 321 683 337 Holbeaeh

105 347 194 366 Rofl'ensis,
217 347 303 368 Johannes
326 347 421 363 Wakeman
448 347 573 366 Gloeestrensis,
599 347 683 364 Arthurus

105 373 186 394 Bulkeley
195 373 311 394 Bangorensis,
320 373 381 389 Paulus
389 373 444 389 Bushe
451 373 566 389 Bristoliensis.
586 373 683 394 Indagatori

104 399 192 419 apparebit
203 399 234 414 hos
245 398 330 419 praesules
341 399 358 415 in
370 399 428 415 ordine
440 399 530 420 dispositos
541 404 578 415 esse
591 399 683 415 seeundum

88 430 91 433 ⁴
104 427 181 445 tempora
196 425 335 444 conseerationis;
354 429 393 441 narn
407 425 499 441 consecrati
512 427 552 441 sunt
566 424 638 441 Eliensis
657 427 683 445 19·

104 450 169 471 Aprilis
186 454 231 471 1534,
246 450 331 466 Rofl'ensis
346 452 373 471 24‘
381 450 438 467 Martii
456 451 501 471 1538,
516 450 638 467 Glocestrensis
656 453 683 471 25⁰

105 476 209 497 Septembris
218 480 264 497 1541,
271 476 382 497 Bangorensis
392 479 418 497 19·
425 476 510 493 Februarii
519 480 564 497 1542,
571 476 683 492 Bristoliensis

105 505 132 523 25·
143 503 189 524 Junii
203 506 248 523 1542.
272 503 323 519 Unde
337 502 389 523 liquet
401 502 491 519 Barlovum
500 505 539 523 post
550 502 634 518 Eliensem
646 505 683 518 ante

105 528 200 545 Roffensem
213 528 264 544 fuisse
275 531 395 544 consecratum.

136 555 162 571 79.
185 554 282 575 Stephanus
294 554 381 573 Gardiner,
393 554 481 575 episcopus
494 554 614 574 Wintonensis,
627 554 643 570 in
656 554 683 571 lit-

104 581 150 597 teris·
162 581 183 597 ad
193 581 253 597 ducem
265 580 377 597 Somersetiae
387 581 458 601 scriptis,
467 581 489 597 de
499 581 580 597 concione
590 586 600 597 a
611 580 683 597 Barlovo

104 606 146 623 infra
152 607 297 628 quadragesimam
306 607 346 623 anni
356 610 396 627 1547
405 607 467 627 habita,
473 607 571 628 gravissime
578 607 682 628 querebatur.

104 633 244 649 Coneionatorem
259 633 344 649 dominum
356 633 475 649 Menevimsem
490 636 507 649 et
521 633 620 654 confratrem
633 638 682 649 suum

104 659 223 675 Mmevienscm
237 659 339 680 appellavit;
354 664 384 675 nec
398 664 438 675 vero
449 659 551 676 credendum
564 662 589 675 est
602 664 640 675 eum
653 659 682 680 qui

104 684 176 701 Barlovo
189 685 282 701 doctrinam
296 685 355 701 salsam
367 685 393 701 vel
407 685 467 701 saltem
480 685 585 701 temerariam
599 685 683 704 obiecerit,

104 716 144 731 prae
152 713 197 727 metu
206 711 305 727 abstinuisse
312 711 352 731 quin
358 710 482 726 accusationem
489 711 582 731 graviorem
588 711 682 732 praeferret.

104 736 124 753 Id
132 737 209 753 coneedit
218 737 297 753 Esteourt
305 737 334 758 (op.
342 737 368 753 cit.
377 742 391 758 p.
400 737 429 757 78)
436 737 464 758 qui
475 739 532 753 tamen
543 737 606 758 aliquid
617 737 638 753 de
650 736 682 753 hoc

103 763 201 779 testimonio
211 762 304 779 detractare
315 768 335 779 ea
343 763 407 779 ratione
415 765 489 782 conatur,
496 763 542 783 quod
551 762 633 779 Gardiner
640 765 682 779 tem-

103 793 143 809 pore
151 793 185 809 quo
193 788 258 804 Barlow
266 791 352 809 promotus
363 791 398 804 erat
409 788 476 804 Parisiis
487 788 571 809 legatione
581 788 683 809 fungebatur

103 816 154 835 atque
161 819 181 830 ea
189 819 232 835 quae
239 814 286 830 domi
294 814 394 835 gerebantur
402 814 477 830 fortassis
485 814 577 835 ignorabat.
600 814 682 830 Attamen

103 839 131 855 alii
143 844 165 855 ex
177 839 239 855 eisdem
251 839 327 860 partibus
338 839 413 860 episcopi
425 840 441 855 in
454 839 516 860 Anglia
527 842 651 856 commorantes
662 845 683 856 ea

104 865 180 886 ignorare
191 871 257 887 prorsus
265 866 362 887 nequibant,
369 866 397 886 qui
405 866 419 881 si
427 870 461 886 qua
469 865 590 886 irregularitate
598 866 683 886 promotio

103 891 164 908 affecta
174 894 218 908 esset
228 892 339 908 Gardinerum
349 892 371 908 de
378 896 398 907 ea
406 892 493 907 certiorem
502 891 590 911 secissent;
601 891 683 908 Gardiner

103 919 160 933 autem
171 917 263 933 mfflolicae
275 917 333 938 praxis
346 919 363 933 et
376 917 416 933 fidei
432 917 555 938 impigerrimus
568 920 683 938 propugnator

104 948 209 964 nequaquam
221 943 237 959 in
248 943 300 959 dubio
310 943 397 959 restitisset
407 943 497 964 quominus
507 943 582 959 fraudem
593 946 610 959 et
621 943 682 964 irregu-

103 968 187 985 laritatem
198 973 261 990 magno
272 974 310 985 eum
322 974 389 985 suorum
401 969 486 990 triumpho
497 969 588 990 detegeret„

136 994 161 1011 ⁸⁰.
185 995 205 1011 In
220 995 292 1016 publicis
310 995 425 1011 instrumentis
442 995 496 1011 Maria
515 995 573 1016 regina
592 995 682 1012 Barlovum

103 1022 184 1041 tanquam
199 1026 257 1037 verum
272 1021 369 1043 episcopum
384 1021 435 1042 plane
448 1021 522 1042 agnovit.
545 1021 604 1038 Mense
619 1022 683 1038 Martio

105 1050 147 1067 1554
165 1046 250 1063 licentiam
269 1047 322 1063 edidit
340 1047 413 1068 eligendi
435 1048 457 1064 ad
478 1048 536 1064 sedem
557 1048 682 1064 Bathonensem

217 1097 222 1106 ¹
231 1098 270 1115 Apud
276 1098 315 1114 rm.
322 1098 384 1114 mayn.
391 1098 417 1110 vni.
423 1098 440 1111 vi.
447 1102 460 1115 μ
468 1102 488 1114 1⁴,
494 1098 569 1111 ramam.
