794 1248
120 88 143 108 64
317 91 355 104 car.
368 91 394 104 ιιι.
417 91 442 104 DE
454 91 504 104 nuru.

120 131 217 152 episcopum
225 134 254 147 aut
262 131 377 152 presbyterum
386 131 417 147 rite
424 131 520 147 ordinatum
528 134 560 152 per
566 136 626 147 manus
636 131 700 152 inmori-

120 156 193 173 tionemf’
210 157 256 173 Citat
262 159 317 178 patres
323 159 358 173 tam
365 157 438 173 Graecos
445 161 496 177 quam
505 157 575 173 Latinos
583 157 611 177 qui
619 162 700 173 manuum

121 183 227 204 impositione
241 183 335 199 sacerdotes
350 183 422 200 ordinari
436 183 498 202 dicunt¹
512 183 570 204 “quod
584 184 628 200 idem
641 189 700 200 omnes

120 212 185 226 veteres
195 210 257 230 passim
268 210 333 225 docent
357 210 417 225 Dicere
427 211 483 225 autem
494 209 551 225 omnia
561 209 635 229 concilia,
645 210 699 230 ponti-

120 235 164 254 fices,
172 237 189 251 et
194 238 255 256 patres,
261 235 306 256 loqui
314 235 335 251 de
343 235 454 251 accidentaria
461 235 562 251 caerimonia
570 235 657 251 ridiculum
666 238 700 255 cstg

120 266 158 277 cum
167 266 248 282 nusquam
256 263 321 282 ponant
328 261 379 277 aliam
386 261 505 277 caerimoniam
513 263 530 277 et
538 266 588 282 saepe
596 266 618 277 ex
625 261 699 282 professo

120 289 192 303 tractent
200 287 221 303 de
229 287 260 303 ritu
271 287 384 303 ordinationis
408 286 450 307 Quis
460 287 505 303 enim
516 287 573 303 eredat
583 289 609 303 tot
617 290 673 308 patres
682 290 699 304 et

120 312 194 331 concilia,
208 317 245 328 cum
262 312 302 328 nihil
318 312 419 334 frequentius
435 315 507 328 tractent
521 317 572 333 quam
586 313 699 329 ordinationes

119 339 229 357 sacerdotum,
238 344 258 355 ne
266 338 317 354 semel
328 339 395 359 quidem
407 338 482 359 attigisse
493 338 510 354 id
520 339 565 360 quod
576 339 598 355 ad
609 339 698 355 essentiam

119 364 219 381 sacramenti
227 364 326 385 pertinet¹?’'

152 390 178 407 Π.
201 390 271 411 Optime
279 390 395 409 ratiocinatus:
406 395 437 406 nec
447 390 495 406 facile
506 390 615 411 intelligimus
625 395 698 411 quanam

119 417 163 433 ultro
177 417 241 433 ratione
252 419 310 433 auctor
322 416 437 437 argutissimus
448 416 479 433 sibi
491 417 591 437 persuaserit
601 419 620 433 ut
633 422 698 437 porrec-

118 443 182 459 tionem
197 442 350 461 instrumentorum,
365 447 415 463 quam
431 442 486 458 nullos
501 445 565 458 veteres
582 442 698 463 praenuntiare

119 469 155 490 ipse
168 468 229 488 docuit,
241 469 327 485 materiam
339 473 375 484 esse
386 468 513 484 coessentialem
525 471 595 489 putaret
619 468 670 485 Unde
681 471 698 485 et

119 494 239 510 Bellarminum
247 494 268 510 ad
277 496 351 510 nostram
359 494 483 510 defendendam
491 494 592 510 sententiam
603 496 663 510 testem
671 494 697 510 vel

119 520 189 536 invitum
197 520 317 536 constituimus.

151 546 176 562 98
200 546 265 562 Eodem
278 548 343 566 spectat
355 546 371 561 id
382 546 428 566 quod
439 546 551 562 Liebermann
562 546 624 562 diserte
635 546 697 565 docuit,

118 577 148 588 eos
160 572 188 593 qui
201 571 287 587 maximae
298 571 397 587 eruditionis
407 571 457 588 laude
467 571 557 591 floruerint,
567 574 584 588 et
595 572 611 588 in
623 577 697 592 perscru-

118 598 174 614 tandis
190 597 291 614 Graecorum
306 597 364 613 ritibus
378 603 398 613 ac
409 598 470 614 veteris
483 597 569 614 Ecclesiae
584 598 697 614 monumentis

118 624 214 645 diligentius
229 624 290 640 versati
306 624 344 643 sint,
360 629 391 645 pro
406 629 426 640 ea
441 624 525 640 sententia
540 626 589 643 stare,
602 624 647 644 quod
661 624 697 640 sola

118 650 204 671 impositio
212 654 292 665 manuum
301 649 371 665 materia
379 649 401 666 sit
411 650 503 665 necessaria
514 652 531 665 et
541 649 644 669 essentialis·,
654 655 697 670 quos

118 676 143 692 his
150 676 247 697 praesertim
253 676 345 692 rationibus
349 681 370 692 eo
376 676 453 692 inductos
459 676 510 692 fuisse
514 676 593 694 ostendit.
598 678 607 684 ‘¹
612 676 618 696 (
622 676 643 696 1⁰)
650 676 696 697 quod

118 702 214 723 Scripturae
225 702 247 718 de
258 702 294 718 sola
306 707 365 718 manus
377 702 484 722 impositione
495 702 593 723 loquantur:
607 702 639 723 (2⁰)
650 702 695 723 quod

117 731 165 745 vetus
181 728 260 747 Ecclesia,
276 728 326 744 etiam
343 728 408 747 Latina,
424 733 454 749 per
468 728 526 745 decem
546 729 612 745 saecula
630 734 696 749 semper

117 754 219 770 ordinaverit
225 759 255 775 per
262 759 322 770 manus
330 754 459 774 impositionem,
467 755 562 770 traditionis
570 757 627 770 autem
635 754 695 770 instru-

117 783 211 796 mentorum
223 780 269 796 nulla
281 780 310 796 flat
322 780 395 799 mentio;
412 780 444 800 (3⁰)
456 780 502 801 quod
516 781 560 801 apud
574 780 647 797 Graecos
659 781 696 797 sola

117 811 197 823 manuum
209 806 294 827 impositio
305 806 322 822 in
338 811 368 821 usu
383 806 405 822 sit
420 811 519 827 semperque
534 806 587 822 suerit.
609 806 638 822 Ad
654 807 695 823 haec

117 832 194 848 observat
203 832 279 848 Morinus
286 832 316 852 (op.
323 832 349 848 cit.
357 837 372 852 p,
381 832 402 848 iiii
410 837 437 847 ex,
448 832 457 847 i.
468 837 504 852 cap.
515 832 534 852 1),
543 832 608 848 'Nemo
618 832 695 848 dubitare

117 861 173 879 potest
181 858 259 879 antiquos
268 858 343 877 Latinos,
352 863 362 874 a
372 858 433 879 quibus
443 858 539 879 accepimus
549 858 667 878 ordinationes,
678 861 695 875 et

116 884 162 905 quod
175 884 270 900 sacerdotes
283 888 345 903 sumuS,
359 883 434 905 legitime
447 886 464 900 et
476 883 532 900 valide
545 884 640 900 sacerdotes
656 889 695 900 eon-

116 915 194 926 secrasse.
217 909 332 926 Certissimum
347 912 373 925 est
388 910 472 926 neminem
491 910 605 926 ordinationes
622 910 695 927 Graecas

116 936 199 952 criminari
208 941 256 957 posse
265 936 304 956 quin
312 936 374 951 crimen
383 936 400 952 in
409 936 480 952 Latinos
488 936 574 954 redundet,
582 941 620 952 cum
629 937 695 958 utrique

117 964 175 978 mutuo
190 962 258 978 alterius
275 962 390 978 ordinationes
405 962 516 983 probaverint*
540 962 582 978 Inde
601 963 694 978 necessario

116 988 191 1009 sequitur
202 988 219 1003 id
230 993 267 1004 esse
278 988 300 1004 ad
313 988 391 1004 materias
402 990 419 1004 et
431 988 493 1004 formas
505 988 588 1004 notandas
599 993 621 1004 ex
635 988 694 1004 ritibus

116 1014 185 1030 Graecis
192 1016 209 1029 et
217 1013 283 1029 Latinis
289 1013 389 1034 eligendum,
395 1014 440 1034 quod
447 1016 472 1029 est
478 1018 578 1034 semperque
583 1013 614 1030 suit
620 1014 694 1035 utrisque

116 1039 252 1056 commune'...id
261 1042 286 1055 est
294 1044 375 1055 manuum
384 1039 468 1060 impositio
476 1045 514 1056 cum
522 1040 598 1056 oratione
602 1039 621 1056 Τ

211 1072 216 1080 ¹
225 1072 311 1086 usumin-u,
317 1072 376 1085 deSm
382 1072 467 1087 ommam-e,
473 1072 495 1085 uh.
502 1072 511 1084 i.
516 1076 527 1085 e„
535 1072 551 1085 in

211 1092 216 1101 ε
224 1092 312 1107 Liebennum,
318 1094 336 1109 ap.
343 1093 363 1105 cst.
371 1093 393 1105 1512,
399 1092 416 1105 vi*
422 1096 451 1109 pm
456 1097 468 1105 v.
476 1097 504 1110 ap.
510 1093 523 1105 ii.
529 1095 552 1105 m.
558 1093 567 1105 i.
573 1093 580 1108 ι
587 1097 597 1105 ι.
