794 1248
247 97 367 110 SENTENTIAE
379 97 528 110 THEOLOGORUM,
656 98 677 115 95

98 139 118 152 ut
123 137 147 153 sit
153 139 277 156 sacramentum,
285 142 318 153 non
329 139 384 157 potest
393 137 474 157 impedire
485 137 566 153 rationem
574 138 679 153 sacramenti.

99 162 127 179 Sic
137 163 166 184 qui
176 163 213 179 vult
221 169 312 179 consecrare
321 163 449 182 Eucharirtiam,
460 164 543 184 simulque
554 164 615 180 habeat
626 164 679 180 inten-

98 189 162 205 tionem
176 194 278 210 expressam,
291 191 309 205 ut
323 189 429 205 Eucharistia
442 194 452 205 a
467 194 485 205 se
498 192 595 205 consecrata
610 195 642 205 non
657 190 680 206 sit

98 218 222 235 sacramentum,
235 215 261 231 vel
275 218 293 231 ut
307 221 336 236 per
351 216 499 234 consecrationem,
512 221 563 236 quam
579 216 679 237 supponitur

98 242 145 261 velle,
158 247 189 257 non
200 242 235 263 fiat
246 242 350 263 sacrificium,
363 242 394 258 hac
408 247 438 258 sua
451 247 528 263 perversa
542 243 634 258 intentione
648 248 679 258 nec

99 268 181 284 rationem
195 268 295 284 sacramenti
308 273 339 284 nec
354 268 430 284 sacrificii
446 268 520 289 impedit.
544 269 607 285 Pariter
622 268 679 290 sponsi

99 294 184 315 baptizati,
196 295 224 315 qui
235 294 294 311 volunt
305 300 362 311 verum
376 295 418 311 inire
430 297 528 311 contractum
542 295 679 311 matrimonialem

99 321 176 341 (servatis
186 321 310 337 conditionibus
321 321 418 337 necessariis
428 322 449 337 ad
458 321 531 337 valorem
543 322 651 342 contractus),
658 326 679 337 eo

99 347 136 367 ipso
149 346 222 362 efficiunt
235 350 362 365 sacramentum.
374 347 440 363 etiamsi
451 350 521 368 &presse
532 347 590 363 vellent
600 347 679 363 rationem

98 373 197 389 sacramenti
209 373 293 389 excludere.
316 373 367 390 Ratio
380 373 439 389 horum
453 376 483 392 est,
496 374 536 394 quia
550 374 572 390 ab
587 374 680 390 intentione

100 399 170 415 ministri
181 399 244 419 pendet
254 399 322 420 quidem
333 404 380 415 suam
391 399 480 418 actionem,
488 400 582 416 institutam
592 404 603 415 a
613 399 680 416 Christo

99 425 121 440 ad
134 424 239 441 effectionem
253 425 358 444 sacramenti,
371 430 433 446 ponere
446 431 490 441 mere
502 425 613 444 materialiter,
624 425 647 441 ita
661 427 679 441 ut

99 450 163 466 nullum
175 450 236 467 habeat
248 451 331 469 effectum,
342 453 383 472 puta
394 451 408 466 si
420 451 505 471 proferens
516 451 566 467 verba
578 451 619 467 nolit
628 456 679 467 conse-

98 482 145 493 crare
155 479 172 493 et
182 477 285 497 proferentes
295 477 346 493 verba
356 480 386 493 aut
396 478 445 498 signa
455 482 547 493 consensus
558 477 611 493 nolint
617 482 679 493 tauren-

99 503 131 519 tire
149 503 166 519 in
186 503 319 523 matrimonium
337 506 355 519 at
370 504 384 519 si
404 504 448 520 adsit
467 504 538 520 intentio
556 503 639 520 sufficiens
657 503 682 519 ad

96 529 216 550 producendum
231 529 303 549 effectam
318 529 434 546 Eucharistiae
447 532 476 546 aut
491 529 598 548 matrimonii,
610 529 680 545 effectus

99 555 164 576 positus
175 555 297 576 independenter
303 561 314 571 a
323 555 382 576 quavis
390 555 466 571 ministri
475 556 558 571 voluntate
565 555 615 571 habet
623 560 680 571 neces-

99 581 143 597 sario
156 586 184 597 eas
198 586 256 597 omnes
270 581 343 597 rationes
356 583 373 597 et
387 581 502 602 proprietates,
514 586 557 602 quae
572 581 587 597 ei
603 583 642 597 sunt
657 586 679 597 ex

100 607 162 624 Christi
174 607 278 623 institutione
290 608 353 624 insitae.

132 633 169 650 147.
191 635 200 641 “
206 633 242 649 Has
255 636 311 649 tamen
324 639 383 650 omnes
399 634 494 650 intentiones
508 634 599 650 contrarias
613 636 680 654 oportet

100 664 133 675 non
147 664 183 675 esse
197 659 220 675 ita
233 659 323 678 absolutas,
335 662 353 675 ut
369 660 479 676 intentionem
495 659 565 676 alteram
580 665 609 680 eg.
622 664 679 675 cunse-

99 685 157 701 crandi
165 685 274 701 contrahendi
286 686 411 701 matrimonium
422 685 451 702 ἃς.
459 685 551 701 excludant
561 688 578 701 et
588 686 680 701 destruant.

100 712 128 728 Sic
141 712 169 732 qui
184 712 207 727 ita
220 711 297 728 absolute
310 712 362 728 nollet
374 711 409 728 fieri
423 714 546 728 sacramentum
560 714 583 731 ut,
596 712 609 727 si
624 716 680 727 revera

100 738 139 753 insit
147 737 188 753 haee
197 737 239 753 ratio
247 742 298 756 sacra,
305 737 346 753 velit
353 738 404 753 etiarn
413 743 444 753 nem
451 743 541 753 consecrare
548 737 574 753 vel
582 740 680 753 contractum

100 763 204 779 matrimonii
217 763 270 783 inire;
288 764 301 780 is
315 764 373 784 utique
385 764 483 780 excluderet
498 763 608 780 intentionem
624 768 680 779 neces-

100 789 160 805 sariam
180 792 197 805 et
212 789 321 805 sufficientem
337 790 358 805 ad
374 789 452 805 valorem.
478 789 575 805 Videndum
594 794 634 810 ergo
650 792 680 809 est,

100 820 183 836 quaenam
196 820 218 831 ex
234 815 350 831 intentionibus
363 815 442 836 oppositis,
453 820 496 836 quae
509 815 570 831 ambae
583 815 632 831 simul
646 820 680 831 non

101 843 171 861 possunt
178 846 215 857 esse
222 840 302 860 efficaces,
310 841 410 861 praevaleat.
433 840 467 861 Qui
475 841 510 857 vult
521 841 538 856 in
546 840 590 856 datis
597 841 681 861 exemplis

100 867 176 883 absolute
186 867 328 883 consecrationem
342 867 456 883 Eucharistiae
467 869 495 883 aut
507 869 611 883 contractum
624 867 681 883 matri-

101 893 152 909 monii
163 893 242 912 validum,
250 898 283 909 non
295 896 351 914 potest
359 893 401 909 velle
408 893 492 914 efficaciter
501 893 616 909 exclusionem
626 898 680 909 sacra-

101 919 158 938 menti,
172 919 211 940 quia
224 919 256 935 hoc
270 920 384 936 Eucharistiae
399 922 416 936 et
431 920 524 936 contractui
539 922 565 936 est
580 920 648 936 insitum
663 922 681 936 et

101 945 219 965 inseparabile;
230 945 258 966 qui
266 948 324 961 contra
332 945 409 962 absolute
415 946 450 962 vult
457 945 572 962 exclusionem
580 946 680 962 sacramenti

101 970 129 989 ita,
137 973 155 986 ut
163 970 195 986 sub
202 970 291 991 hypothesi
299 971 374 987 veritatis
384 971 484 987 sacramenti
495 971 537 987 nolit
547 976 644 987 consecrare
651 974 680 987 aut

101 996 203 1014 contrahere,
217 996 231 1012 is
244 996 276 1012 tali
287 996 347 1017 efficaci
359 997 446 1013 intentione
459 997 530 1017 apposita
543 997 619 1013 excludit
631 997 680 1013 simul

101 1022 243 1038 consecrationem
258 1022 284 1038 vel
300 1025 409 1038 contractum.
431 1022 528 1039 Generatim
544 1022 628 1043 loquendo
643 1022 681 1039 talis

101 1048 169 1064 exclusio
181 1047 237 1069 efficax
248 1048 346 1064 sacramenti
359 1053 393 1064 nun
407 1051 463 1068 potest
476 1048 531 1064 locum
543 1048 604 1064 habere
616 1048 646 1065 nisi
658 1053 681 1064 ex

102 1074 169 1093 reflexa,
179 1074 269 1093 obstinata,
279 1077 296 1091 et
306 1074 389 1091 rarissime
399 1074 416 1090 in
426 1075 487 1091 animis
497 1074 575 1091 humanis
585 1077 681 1091 occurrente

101 1100 180 1117 malitia'*
