794 1248
343 93 368 105 DE
379 93 448 106 Pomm
661 89 683 109 67

137 133 173 149 102.
197 132 235 149 Hoc
247 134 313 149 tanturn
326 132 386 153 requiri
400 132 469 151 videtur,
481 134 500 148 ut
513 132 564 148 verba
578 136 622 153 quae
636 131 684 147 adhi-

104 158 164 175 bentur
175 158 201 175 vel
213 158 249 179 ipsa
260 158 296 174 sola
307 158 414 174 collationem
426 158 489 174 ordinis
501 158 529 179 qui
542 157 633 174 intenditur
643 157 684 174 satis

104 184 204 205 exprimant,
223 184 249 200 vel
269 184 300 200 etsi
319 184 335 200 in
351 189 369 199 se
384 184 417 200 sint
432 183 562 200 indeterminata
577 185 633 199 tamen
649 183 684 199 sive

104 210 208 226 orationibus
219 209 371 226 concomitantibus
384 209 419 225 sive
434 209 486 230 ipsius
499 209 540 225 ritum
555 209 684 225 circumstantiis

104 238 121 252 et
135 236 239 252 caerimoniis
252 241 273 252 eo
284 236 345 252 diserte
356 236 489 252 determinentur
499 238 518 252 ut
531 240 561 256 per
575 240 596 251 ea
609 237 684 256 potestas

104 262 167 278 ordinis
178 263 277 279 conseratur.

138 289 174 306 103.
197 289 225 305 Ad
244 289 288 305 hanc
306 289 357 310 igitur
375 288 499 305 conclusionem
517 289 623 310 pervenimus
638 289 683 310 quod

104 315 175 331 matm'a
187 316 282 336 adaequata
295 315 400 335 sacramenti
407 315 475 332 Ordinis
487 315 509 332 sit
520 320 600 332 manuum
610 315 684 336 episcopi

104 341 131 357 vel
139 341 255 362 episcoporum
267 341 361 362 impositi03
368 341 427 361 forma
435 346 474 357 vero
485 341 580 362 adaequata
590 341 606 357 in
616 341 684 362 quibus-

105 366 146 383 libet
154 367 209 383 verbis
216 367 322 383 contineatur
329 371 373 387 quae
383 366 443 383 saltem
454 372 492 383 cum
503 367 633 383 circumstantiis
643 367 684 383 ritus

105 395 205 412 constructa,
220 398 249 409 seu
264 393 286 409 ad
301 392 353 408 instar
368 392 448 408 orationis
467 397 496 408 seu
515 393 566 409 modo
585 393 684 414 imperativo

105 418 215 439 proferantur,
222 420 324 439 potestatem
332 418 395 434 ordinis
403 418 499 434 conferendi
507 421 553 435 certo
561 419 662 439 exprimant.

138 444 174 461 104.
197 444 246 465 Quae
263 444 331 465 quidem
350 443 430 464 Gasparri
448 444 465 460 in
484 444 573 460 tractando
591 444 684 460 Pontificali

106 470 184 486 Romano
201 470 224 486 ita
240 469 332 486 luculenter
347 470 424 486 disseruit
440 472 458 486 ut
477 470 525 486 nobis
544 472 637 491 temperare
656 475 684 486 ne-

105 501 186 517 queamus
194 496 234 517 quin
242 496 278 512 eius
285 495 335 511 verba
345 495 420 512 citemus.
442 497 450 503 ‘¹
456 495 494 516 Jam
502 495 555 515 ve10,’'
563 496 621 517 inquit,
628 496 685 512 “inter

105 527 164 538 omnes
176 522 208 538 hos
221 522 267 542 ritus,
280 527 322 543 quos
336 522 434 538 Pontificale
448 522 545 538 Romanum
556 522 653 543 praescribit
668 523 684 538 in

105 548 196 570 episcopali
209 548 338 567 consecratione,
350 548 444 564 communis
459 548 543 564 sententia
556 550 581 564 est
597 548 684 564 materiam

105 579 142 591 esse
157 574 281 595 impositionem
299 579 379 590 manuum
398 574 472 594 episcopi
491 574 603 590 consecrantis
621 574 685 595 (potius

105 601 221 622 episcoporum
233 599 374 620 consecrantium)
384 602 402 615 et
413 599 484 615 sormam
497 604 534 615 esse
545 599 614 616 relativa
625 600 685 616 verba:

105 627 163 647 Accipe
171 626 254 647 Spiritum
262 626 342 642 Sanctum
347 627 356 641 ¹.
379 626 416 641 Nos
426 630 449 641 ex
459 626 525 642 criterio
536 626 614 646 exposito
624 631 639 642 n.
647 627 685 646 988,

105 655 184 673 putamus
190 652 206 668 in
215 652 304 673 hypothesi
313 652 424 673 impositionis
432 657 512 668 manuum
520 652 594 673 episcopi
602 657 640 668 cum
648 652 684 668 sola

105 678 208 699 praefatione
223 678 286 699 absque
302 678 334 694 illis
347 678 412 694 verbis:
430 678 489 699 Αιτξικ9
502 678 585 699 spiritum
600 678 685 698 Sanctum,

105 704 247 721 consecrationem
262 704 322 723 valere,
337 704 385 721 sicuti
401 704 468 720 valebat
484 705 500 720 in
519 705 589 725 antiqua
608 704 674 725 liturgia
679 711 684 725 ;

105 731 191 752 quomodo
202 731 246 747 enim
257 731 318 751 probas
329 731 423 747 Ecclesiam
433 731 471 747 huic
482 731 553 747 orationi
565 731 684 747 eucharisticae

105 758 139 774 vim
158 757 289 773 mnsecrativam
308 757 403 773 ademisse?
428 757 491 773 Pariter
510 757 526 773 in
545 757 634 778 hypothesi
654 757 684 773 im-

105 783 192 804 positionis
207 788 287 799 manuurn
302 782 376 804 episcopi
391 788 429 799 curn
444 783 484 799 solis
499 783 532 798 illis
546 783 610 799 verbis:
627 783 685 803 Accipe

106 809 189 830 Spiritum
208 809 293 828 Sanctum,
311 809 374 830 absque
393 809 501 830 praefatione,
520 809 625 825 admittimus
645 814 683 825 cum

105 835 190 852 communi
198 835 281 851 sententia
288 835 410 852 ordinationem
421 841 458 852 esse
468 835 546 855 validam,
556 835 595 856 quia
604 835 643 851 licet
656 835 684 852 illa

105 861 141 877 sola
155 861 206 877 verba
222 861 238 877 in
251 866 270 877 se
283 861 358 882 inspecta
371 861 404 877 sint
418 861 553 880 indeterminata,
566 863 582 877 et
596 866 630 877 non
643 861 684 877 satis

106 887 202 908 exprimant
222 887 329 903 collationem
350 887 413 903 ordinis
434 887 534 908 episcopalis
539 889 549 906 ²,
567 890 623 903 tamen
643 887 684 903 satis

105 913 239 929 determinantur
246 918 280 929 non
288 913 341 929 solum
350 913 457 934 praefatione,
464 913 493 929 sed
502 913 574 934 ipsamet
579 913 684 929 caeremonia

106 939 142 955 sine
150 938 253 960 praefatione
258 938 266 944 ’'
274 939 303 959 (op.
311 939 337 955 cit.
345 944 360 955 n.
371 939 423 960 1109).

130 995 135 1004 ¹
144 995 229 1010 D‘Annibaie,
238 995 255 1008 iti
264 996 308 1011 μω
317 995 372 1010 Sava-11.
380 996 398 1008 iii.
406 1000 418 1009 n.
428 999 460 1013 59⁷³
469 996 483 1008 s.
492 996 531 1012 ruphi
541 996 558 1009 va.
566 1000 579 1009 n.
588 997 621 1012 nrm
630 996 683 1011 nulia,

106 1020 119 1033 ρ,
125 1016 138 1029 ii.
145 1018 175 1029 act.
181 1016 194 1029 ῡ,
200 1020 228 1033 mp.
234 1016 247 1028 ix.
253 1018 277 1029 m.
283 1016 296 1029 55.
303 1016 319 1032 fi*
364 1025 367 1028 .

130 1036 136 1044 ¹
144 1036 220 1052 mmmm,
230 1037 269 1049 nal.
276 1037 309 1049 Mn.
316 1041 323 1049 v
337 1046 340 1050 .
348 1037 380 1049 iia..
386 1038 414 1054 ⁵⁸9-
