794 1248
279 90 303 103 DE
314 90 371 103 imam
383 90 504 103 PRAESENTIA.
650 90 680 107 125

100 129 173 145 Facilem
186 129 290 145 inveniemus
303 129 434 150 responsionem.
458 129 544 151 Legantur
555 130 599 146 enirn
609 135 652 151 quae
664 130 681 146 in

99 155 177 171 Articulo
185 155 266 171 dicantur.
290 155 351 176 Corpus
362 155 426 172 Christi
436 156 490 175 datur,
498 156 581 177 accipitur.
589 158 605 172 et
612 156 681 172 mandu-

99 183 148 197 catur
162 181 179 197 in
197 181 253 198 Coena.
282 181 321 197 Non
338 181 437 198 manducari
451 184 516 198 tantum
533 182 562 198 sed
578 184 595 198 et
610 181 650 198 dari
663 184 681 198 et

99 207 150 228 accipi
157 208 239 223 asseritur.
262 207 320 223 Datur
329 208 484 228 quidem—scilieet
494 213 517 224 ex
528 213 579 224 manu
590 208 681 224 sacerdotis

100 233 116 249 in
125 238 193 249 manum
204 233 313 254 suscipientis.
336 233 507 254 Acczpitur—scilieet
518 239 528 250 a
539 233 620 253 fidelibus,
628 233 681 254 prius-

100 264 151 280 quam
167 259 308 275 manducaverint
335 259 369 275 Ista
384 265 424 276 vero
439 262 457 276 ut
472 260 569 278 efficiantur,
585 259 681 275 Praesentia

100 284 179 305 Corporis
188 284 249 300 Christi
255 284 332 300 obici-riva
339 290 406 306 prorsus
411 285 502 306 requiritur.
518 285 543 301 At
548 285 599 304 dices,
605 285 681 301 Medium

99 316 130 331 quo
145 310 206 331 Corpus
220 310 283 327 Christi
294 311 373 332 uctpitur
382 314 399 327 tt
409 311 520 327 manducatur
532 311 550 328 in
564 311 621 330 Coena,
633 311 681 327 iuxta

100 336 200 356 Articulum,
203 336 247 357 fides
254 339 281 353 est⁴
305 337 342 353 Nec
350 337 415 353 mirum.
439 337 518 358 Namque
528 337 591 353 omissa
601 337 633 353 hoc
644 337 681 353 loco

100 362 154 378 dandi
165 363 250 379 mentione
262 363 315 384 liquet
327 366 383 379 actum
397 363 448 379 solius
461 363 566 384 suscipientis
578 363 605 379 hic
620 363 681 382 referri,

101 388 129 409 qui
141 389 226 405 mediante
237 389 270 405 fide
280 394 310 410 per
320 389 370 405 istam
380 389 502 410 acceptationem
512 391 529 405 et
540 389 681 405 manducationem

100 419 139 430 vere
146 415 248 435 spiritualem
257 420 291 431 non
299 415 350 431 modo
359 420 393 431 rem
402 415 431 431 sed
439 415 490 431 etiam
496 415 574 431 virtutem
580 415 680 431 sacramenti

101 441 185 461 suscipiat.
208 441 232 457 At
240 441 282 457 haee
292 441 349 457 omnia
360 442 412 457 tradit
422 441 508 457 Articulus
519 443 584 457 tantum
594 441 657 457 caelesti
665 443 682 457 et

99 466 186 487 spirituali
191 467 254 483 ratione
259 467 298 483 fieri.
317 466 387 488 Optime
394 467 467 488 quidem.
485 467 569 483 Nimirum
577 472 615 483 cum
624 467 681 483 Realis

101 493 206 509 Praesentiae
218 493 312 509 doctrinam
324 493 433 514 explicaverit
446 493 494 510 Card.
505 493 617 512 Franzelinus.
629 493 680 513 “Jam

100 519 127 535 hic
140 519 214 538 modus,¹'
227 520 286 540 inquit,
298 519 417 540 “praesentiae
428 522 453 535 est
465 519 534 535 omnino
545 519 624 540 analogias
635 519 681 535 modo

96 545 198 565 praesentiae
205 545 303 566 ,φίνίῑιιιιηις
319 550 348 562 nec
356 545 389 561 alia
397 546 462 561 ratione
472 551 523 566 quarn
534 545 626 562 secundum
637 545 681 561 hanc

100 571 195 591 analogiam
203 576 214 587 a
221 571 270 587 nobis
278 571 343 592 concipi
352 573 381 587 aut
389 571 469 587 declarari
476 570 552 592 potest¹.'’
568 571 616 587 Idem
622 571 681 587 laudat

102 596 178 613 Lessium
192 597 221 618 qui
234 593 299 613 rhodum
314 597 393 613 exzzrtendi
407 597 509 618 spiritalem
524 597 603 618 Corporis
618 597 680 614 Christi

100 623 117 639 in
129 622 239 639 sacramento
252 623 361 639 disertissime
374 624 458 644 exposuit.
485 623 541 644 Quem
556 628 623 639 sensum
637 623 681 639 adeo

101 648 211 668 Catholieum‚
219 649 280 665 reiecto
288 654 356 670 prorsus
364 649 468 668 Calviniano,
474 649 560 670 proprium
566 654 602 665 esse
608 649 680 665 Articuli

100 675 152 691 nosn‘i
166 680 188 691 ex
200 675 293 691 certissimo
305 675 356 696 ipsius
368 676 440 691 auctoris
452 675 549 691 testimonio
560 675 630 696 probare
642 680 680 696 pos-

100 706 163 717 sumus.
183 701 261 722 Namque
267 703 324 717 exstat
330 702 346 717 in
353 701 484 722 Cartophylacio
491 701 546 722 Regni
552 701 623 722 epistola
629 706 680 722 quam

100 727 122 742 de
133 727 165 743 hac
177 732 194 743 re
206 727 227 743 ad
242 727 346 743 Willelmum
360 727 405 744 Cecil
420 727 485 748 scripsit
499 727 599 743 Edmundus
612 727 680 746 Gheast,

100 753 189 774 episeopus
203 753 290 769 Rofl‘ensis.
313 755 322 761 ‘¹
328 753 384 772 Puto,”
398 753 456 774 inquit,
469 755 500 769 “te
515 753 602 769 certiorem
618 753 680 769 sactum

100 784 137 794 esse
149 779 246 799 episcopum
259 779 405 795 Gloucestrensem
420 779 464 795 istud
476 779 575 795 adverbium
587 781 651 795 tantum
663 779 680 795 in

101 804 132 820 hoc
141 804 218 820 Articulo
226 804 326 820 collocatum
337 809 387 825 aegre
397 804 459 820 tulisse.
479 804 505 820 Eo
513 804 558 820 enim
566 804 611 825 quod
619 804 680 820 dicitur

101 830 166 851 Corpus
178 830 240 846 Christi
253 830 293 849 dari,
306 830 364 851 accipi,
377 833 394 846 et
408 830 504 846 manducari
517 830 534 846 in
547 830 604 846 Coena
616 833 680 847 tantum

101 856 168 872 caelesti
182 858 199 872 et
212 856 293 877 spirituali
308 857 376 875 ratione,
391 859 440 877 putat
453 856 481 872 ille
496 856 551 872 dirimi
567 857 680 873 Praesentiam

101 882 180 903 Corporis
195 882 256 898 Christi
272 882 289 898 in
305 882 424 901 Sacramento;
443 882 469 898 cui
485 882 553 903 quidem
569 883 643 903 opinioni
662 885 681 899 ut

101 908 198 924 assentirem
214 908 254 924 mihi
270 908 328 927 innuit.
340 908 374 924 imo
387 908 420 924 iam
432 908 466 924 heri
481 913 508 924 me
519 908 605 925 absentem
618 909 634 925 in
648 908 680 925 hac

101 935 148 954 parte
163 933 258 953 expressius
274 936 345 950 testatus
361 936 390 949 esti
414 933 496 950 Attamen
511 939 550 950 cum
566 939 586 950 eo
602 935 680 955 privatim

101 958 193 975 collocutus
205 960 283 980 equidem
297 960 346 980 plane
359 960 421 976 asserui
435 965 465 980 per
475 960 575 976 vocabulum
587 963 652 977 tantum
663 961 680 977 in

101 985 177 1006 praefato
185 985 262 1001 Articulo
273 991 307 1001 non
318 986 386 1006 quidem
397 986 511 1002 Praesentiam
522 986 583 1003 Christi
594 987 611 1002 in
622 987 681 1003 Sacra-

102 1014 159 1027 mento
170 1012 199 1027 sed
212 1014 277 1027 tantum
289 1017 352 1028 crassae
362 1014 378 1028 et
386 1012 467 1028 sensibilis
477 1013 588 1033 perceptionis
599 1013 680 1029 rationem

101 1038 173 1053 excludi,
200 1037 241 1053 Dixi
260 1038 304 1054 enim
320 1038 351 1054 etsi
366 1038 403 1059 quis
419 1038 484 1059 Corpus
500 1038 561 1054 Christi
577 1039 594 1055 in
612 1044 680 1055 manum

101 1066 174 1079 sumeret
189 1066 240 1084 atque
257 1069 285 1079 ore
304 1064 400 1085 perciperet,
415 1064 466 1084 idque
481 1066 499 1080 ut
514 1064 589 1080 scribunt
604 1065 681 1081 ductores

196 1097 200 1105 ¹
212 1098 252 1110 ma.
258 1098 273 1110 da
278 1098 301 1110 ss.
309 1098 349 1110 Eun.
355 1098 390 1110 sm,
397 1098 422 1110 Th.
428 1098 445 1110 11.
451 1102 464 1114 p.
473 1098 500 1114 163.
507 1098 538 1111 saiz.
546 1099 582 1114 1⁸⁸7.
