794 1248
246 94 271 107 DE
283 93 456 107 DETERMINATIONE
468 94 550 107 FORMAE.
667 96 688 112 77

141 134 166 154 (9)
189 134 255 150 Deinde
270 136 347 150 cantatur
365 133 438 155 hymnus
458 134 499 150 Veni
513 133 585 153 Creator,
600 134 656 151 “sicut
671 134 688 151 in

107 160 213 176 ordinatione
224 159 358 181 presbyterorum
370 160 490 181 praescriptum
502 160 549 180 est’'3
562 160 622 181 quibus
632 161 689 177 verbis

108 186 151 202 inter
166 186 308 202 consecrationem
323 186 435 207 episcopalem
451 188 468 202 et
483 186 606 202 ordinationem
620 187 688 208 presby-

108 212 177 228 teralem
185 212 234 233 plane
242 211 349 232 distinguitur
353 213 362 228 ¹.

140 238 177 259 (ιο)
199 238 243 254 Tum
254 238 322 254 demum
333 240 371 259 post
381 238 475 254 orationem
486 238 508 254 ad
516 238 568 254 instar
576 238 689 259 praefationis,

108 269 152 284 quae
166 263 292 280 Cansmatzbnis
305 263 384 284 antiquae
397 264 448 280 verba
461 264 533 280 breviter
546 264 600 283 refert,
611 264 688 281 manibus

108 290 228 311 archiepiscopi
238 292 289 311 atque
299 290 415 311 episcoporum
426 290 517 306 astantium
528 295 578 311 super
587 293 638 311 caput
645 291 690 307 electi

108 316 195 337 impositis,
210 316 343 337 archiepiscopus
362 317 413 332 verba
432 317 558 336 consecratoria,
577 321 620 338 quae
638 319 688 333 antea

107 342 220 361 tractavimus,
235 342 336 363 pronuntiat.
358 342 424 363 Quibus
439 342 515 363 peractis,
526 345 543 358 et
558 345 635 363 porrecto
649 348 687 359 cum

108 367 181 384 relativis
190 367 244 383 verbis
255 368 312 383 codice
323 373 407 384 sacrorum
419 368 515 387 Bibliorum,
522 368 585 384 exinde
596 368 612 384 in
623 368 688 384 rubrica

108 396 215 415 praeceptum
231 396 256 410 est
272 396 290 410 ut
305 394 384 415 episcopus
403 394 437 410 iam
451 397 551 410 consecratus
565 394 609 410 intra
627 395 688 411 missae

108 420 195 436 sollemnia
207 420 323 436 communicet.

141 447 176 464 116⁴
200 447 232 463 His
240 447 318 463 omnibus
324 447 410 468 perpensis
416 449 461 463 totus
467 447 508 462 ritus
516 446 537 462 ad
545 446 687 463 consecrationem

107 473 181 494 episcopi
193 473 298 491 ordinariam,
309 478 352 494 quae
364 473 380 488 in
393 472 463 489 ecclesia
476 472 564 488 Catholica
575 477 641 493 semper
652 472 688 492 suit,

108 499 189 520 respicere
201 499 272 518 videtur,
283 498 299 514 id
313 498 358 519 quod
372 498 422 519 plane
435 498 537 514 determinat
548 498 619 514 sor-mam
630 498 689 519 Accipe

109 524 191 545 Spiritum
200 525 280 541 Sanctum
286 525 307 541 ad
314 525 443 546 imprimendum
449 524 562 540 characterem
570 524 687 545 episcopalem.

108 551 162 567 Nobis
175 553 236 569 autem,
249 553 268 566 ut
282 550 361 569 diximus,
374 551 425 566 verba
438 550 496 571 Accipe
511 550 593 571 Spiritum
608 550 688 567 Sanctum

107 582 145 593 cum
156 577 276 593 additamentis
286 582 329 598 quae
340 577 356 592 in
369 577 401 593 ritu
413 577 508 597 Anglicano
519 577 603 597 castigato
614 582 687 593 accesse-

108 605 146 619 runt
159 603 195 624 ipsa
209 603 225 619 in
239 603 270 619 hac
284 606 331 624 parte
342 603 436 624 adaequata
449 606 467 619 et
478 603 518 619 satis
529 603 641 619 determinata
652 603 688 619 sore

108 629 190 645 videntur,

140 655 176 672 117⁴
200 656 287 671 Hactenus
299 655 315 671 in
328 655 359 671 ritu
372 655 467 676 Anglicano
480 655 574 671 adhibitam
587 660 624 671 esse
637 658 687 671 mate>

108 680 152 697 riam
170 681 223 697 solam
239 681 261 697 ad
277 680 408 697 consecrandum
427 681 524 702 episcopum
543 681 655 702 adaequatam
670 683 687 697 et

108 707 223 726 necessariam,
233 712 276 728 quae
287 710 313 723 est
325 707 410 728 impositio
422 712 507 726 manuum,
514 707 555 723 satis
566 707 688 723 demonstravi-

108 737 149 749 mus.
172 733 250 749 Farmam
260 738 304 752 vero,
314 733 341 749 vel
352 733 407 748 verbis
418 733 434 748 in
443 733 479 753 ipsa
490 733 584 753 prolatione
591 733 653 749 additis
660 733 687 749 vel

107 759 159 775 totius
178 759 219 775 ritus
233 762 303 780 aspectu
322 759 456 778 determinatam,
471 764 502 779 pro
517 758 573 775 valida
591 758 687 775 habendam

107 785 215 801 ostendimus*
246 786 285 801 Non
304 790 365 801 novam
381 785 451 801 sormam
467 787 597 805 composuerunt
611 787 687 801 auctores

108 811 152 827 ritus.
172 811 192 828 Id
201 812 269 832 quidem
277 811 291 827 si
299 811 376 827 fecissent
384 811 492 827 nihilominus
499 811 614 827 ordinationes
622 814 687 828 nostras

107 837 196 853 defendere
211 837 331 853 debuissemus,
362 837 412 853 Hanc
430 837 474 853 enim
491 837 586 853 libertatem
605 837 687 858 episcopis

108 866 201 880 nostrarum
213 863 335 884 provinciarum
346 863 464 881 vindicandam
476 866 559 884 putamus
582 863 618 879 Nec
630 865 687 879 tamen

107 889 131 905 illi
140 890 155 905 in
164 894 201 905 eam
208 889 319 905 temeritatem
326 891 393 905 ruerunt
402 891 420 905 ut
428 891 492 905 tantam
501 893 555 905 rerum
562 889 687 905 innovationem

107 915 151 931 ultro
160 915 301 936 aggrederentur;
312 919 342 930 nec
353 914 424 930 sormam
433 915 475 930 satis
484 915 571 935 antiquam
583 915 623 930 satis
633 915 687 931 deter-

108 941 193 960 minatam,
201 944 218 957 et
230 941 246 957 in
258 945 320 961 magna
332 943 379 961 parte
390 941 470 957 ecclesiae
481 941 593 957 communiter
604 941 687 960 usitatam,

107 967 177 983 duarum
197 969 262 983 tantum
282 966 403 987 provinciarum
422 966 495 987 episcopi
515 969 579 982 mutare
598 966 687 983 audebant.

108 993 189 1012 Eandem,
202 998 235 1013 qua
249 995 288 1009 ante
301 992 378 1009 miseram
392 993 492 1009 discordiam
507 993 581 1013 episcopi
596 993 687 1013 Anglicam'

107 1019 189 1035 Gallicani
199 1019 252 1035 Italici
262 1019 324 1039 aliique
334 1019 445 1035 communiter
456 1019 550 1038 utebantur,
558 1019 610 1035 nostri
618 1019 687 1035 seorsim

132 1073 137 1082 ¹
146 1074 175 1087 Hoc
184 1074 234 1090 quidem
243 1077 259 1086 ne
267 1073 315 1090 puerile
323 1074 381 1086 vicu-mr
388 1075 480 1090 arg-nmmum.
487 1074 558 1086 memma-n
565 1074 604 1087 ικιοι
612 1074 687 1090 mmmm„

107 1095 162 1112 mosque
169 1095 234 1107 „semis-e
240 1095 253 1107 in
259 1094 283 1107 mu
289 1094 361 1111 Angue-no
366 1094 414 1107 nuum
420 1095 473 1108 inveniri
478 1095 537 1108 ordinum
543 1095 640 1108 nstin-cuonem*
