794 1248
228 100 280 117 QUAE
291 101 321 114 sn·
332 100 442 114 CONTRARIA
455 100 552 114 INTENTIO.
658 101 678 119 91

102 140 190 161 Quaenam
212 140 242 156 fuit
261 140 356 157 huiusmodi
375 141 495 157 contrarietas?
530 141 636 162 Responsum
656 144 682 157 est

102 172 140 183 eum
155 167 247 183 sententias
262 167 283 183 de
298 167 349 183 sacris
365 167 457 183 Ordinibus
468 167 519 188 vulgo
535 167 623 188 protulisse
638 172 682 188 quae

101 196 164 209 rectam
172 194 282 209 intentionem
290 194 378 210 ordinandi
386 199 453 214 prorsus
461 194 573 210 excluderent.
597 193 681 214 Quorsum

101 219 154 235 haec?
178 219 279 235 Huiusmodi
291 219 378 235 sententiis
389 222 434 235 certe
448 224 481 235 non
495 219 518 235 ita
532 219 599 235 favebat
611 222 629 236 ut
640 220 682 235 ritus

102 245 188 261 Ecclesiae
198 246 270 262 reiteret
294 245 360 266 Nempe
370 246 401 261 hos
412 246 453 262 ritus
463 251 493 266 per
500 248 555 262 tutum
563 246 607 262 vitae
615 251 681 262 cursum

101 272 167 293 saepius
182 271 263 288 adhibuit.
286 272 325 293 Quo
340 272 409 288 tandem
425 272 488 288 modo?
510 272 539 288 An
555 272 603 288 ioco?
626 272 682 288 Nemo

101 298 158 314 eredit
180 298 209 314 An
224 298 314 314 derisorie?
337 299 393 315 Nemo
407 298 471 319 probat
494 298 540 319 Quid
554 299 615 319 igitur?
637 299 682 315 “Per

101 325 132 340 hos
143 325 183 340 ritus
191 327 270 340 externos
280 330 327 341 sacro
337 325 411 346 quodam
422 325 514 341 ministerio
525 325 611 346 fungendo
618 325 681 346 aliquid

101 353 146 367 certe
154 350 207 366 facere
215 350 318 369 intendebat,
324 356 358 367 non
364 353 421 366 autem
427 351 472 371 quod
479 351 518 366 facit
525 350 614 367 Ecclesiss
633 351 681 367 Talia

101 382 123 392 ex
143 376 213 392 adversa
231 379 278 397 parte
297 376 403 392 communius
422 376 521 395 obiciuntur,
539 381 582 397 quae
603 377 682 398 deinceps

102 406 177 419 nostrum
189 402 220 418 erit
231 403 333 419 examinare.

134 429 170 445 141.
192 428 230 448 Jam
238 433 278 444 vero
286 431 304 444 ut
312 429 355 444 inter
363 431 426 445 rectam
436 431 453 445 et
462 429 562 445 contrariam
571 429 681 445 intentionem

101 455 153 471 satius
166 455 283 475 distinguatur,
296 455 369 471 rationes
383 455 488 476 quorundam
501 456 603 476 optimorum
617 455 681 472 theolo-

101 486 160 502 gorum
179 481 260 496 verbatim
279 481 372 497 citabimus⁴
406 481 432 497 Ac
451 481 505 502 primo
524 481 613 498 reseremus
632 482 681 498 eard.

102 507 226 526 Bellarminum‚
230 507 258 528 qui
267 507 283 523 in
292 507 334 523 libro
342 507 363 524 de
370 507 483 524 Sacramentis
491 507 508 523 in
515 512 581 528 genere,
586 513 621 528 cap.
628 508 681 524 xxvii.

101 534 116 553 8,
124 533 148 549 ita
157 533 233 549 disserit:
244 533 297 549 “Non
308 536 333 549 est
345 538 387 554 opus
398 533 489 552 intendere,
499 534 544 554 quod
556 533 594 550 iacit
606 534 681 550 Ecclesia

101 560 190 579 Romana;
204 559 233 575 sed
245 560 291 580 quod
303 559 343 575 facit
354 565 393 576 vera
405 559 485 577 Ecclesia,
495 565 604 581 quaecunque
616 560 644 576 illa
655 560 682 579 sit,

101 586 127 602 vel
139 586 183 607 quod
196 586 272 602 Christus
284 586 360 605 instituit,
370 586 396 602 vel
407 586 453 607 quod
464 586 527 602 faciunt
539 586 638 602 Christiani:
650 587 682 602 ista

101 613 145 629 enim
156 613 173 628 in
184 613 228 629 idem
240 612 319 629 recidunt.
343 612 401 629 Petes:
412 612 458 633 Quid
468 612 481 628 si
491 613 529 633 quis
539 613 616 629 intendat
623 613 682 632 facere,

101 639 146 660 qnod
160 639 199 655 facit
213 639 288 655 Ecclesia
302 639 357 660 aliqua
371 639 475 660 particularis
488 642 505 655 et
520 639 566 658 salsa,
579 644 630 660 quam
646 639 681 660 ipse

101 668 150 686 putat
163 671 224 685 veram,
237 668 255 681 ut
270 665 377 684 Genevensis,
391 668 408 681 et
424 665 499 681 intendat
515 670 548 681 non
565 665 622 684 facere,
635 666 681 686 quod

101 692 141 708 facit
160 692 235 708 Ecclesia
255 692 344 708 Romana?
375 692 481 713 Respondeo,
497 692 547 708 etiam
567 692 583 708 id
602 692 681 708 sufficere.

101 718 146 734 Nam
162 718 189 739 qui
205 718 277 734 intendit
292 718 350 737 facere,
364 718 410 739 quod
426 718 465 734 facit
484 718 559 734 Ecclesia
574 718 682 738 Genevensis,

101 744 173 760 intendit
185 744 243 763 facere,
254 745 299 765 quod
311 744 351 761 facit
363 745 439 761 Ecclesia
451 744 553 760 universalis.
576 744 624 760 Idem
635 745 681 761 enim

102 770 129 786 ille
137 770 208 786 intendit
219 770 277 789 facere,
285 771 329 791 qnod
341 771 381 786 facit
391 770 430 786 talis
441 770 521 789 Ecclesia,
528 770 568 791 quia
578 773 627 791 putat
635 771 680 786 illam

101 801 137 812 esse
149 796 242 812 membrum
256 796 340 812 Ecclesiae
351 801 400 812 verae
414 796 520 812 universalis:
536 796 574 812 licet
586 796 652 812 fallatur
663 797 680 813 in

101 822 197 843 cognitione
212 827 261 838 verae
281 822 370 839 Ecclesiae.
401 822 440 838 Non
456 825 512 838 autem
528 822 572 838 tollit
590 822 681 839 efficaciam

101 848 200 864 sacramenti
211 853 256 864 error
265 848 335 864 ministri
345 849 389 864 circa
401 848 497 867 Ecclesiam,
507 848 537 864 sed
548 848 619 868 defletus
630 848 681 865 intem

101 873 163 890 tionis?
185 874 233 890 Talia
248 874 298 890 docet
314 874 429 892 Bellarminus,
443 874 459 889 in
475 878 508 894 qua
521 873 597 889 doctrina
612 874 681 891 mirifice

101 900 189 916 convenire
201 900 298 916 Catholicus
310 900 386 916 doctores
398 899 521 918 animadvertit,
531 902 548 915 et
561 904 602 915 mox
613 903 681 916 strenue

101 929 152 947 negat
162 932 172 942 a
182 926 253 942 concilio
264 926 363 942 Tridentino
374 926 391 942 id
403 926 463 946 requiri
475 928 494 942 ut
506 926 581 942 minister
591 926 681 943 “intendat

101 957 134 968 non
143 952 197 968 solum
205 954 261 968 actum
269 952 298 968 sed
309 952 359 968 etiam
371 951 421 967 finem
429 952 534 970 sacramenti,
542 952 558 967 id
566 954 596 970 est,
604 952 681 968 intendat

101 978 147 997 illud,
160 980 227 999 propter
240 977 285 998 qnod
298 980 421 993 sacramentum
435 980 460 993 est
472 977 579 993 institutum.''
603 978 681 999 Namque

102 1006 120 1020 nt
128 1006 185 1024 aperte
192 1003 255 1022 asserit,
259 1003 315 1023 “quod
324 1003 400 1019 Ecclesia
408 1003 452 1022 facit,
458 1008 491 1019 non
500 1002 589 1022 finem,sed
597 1004 680 1020 actionem

101 1029 198 1051 significat?

134 1056 170 1072 142.
194 1056 245 1072 Porro
255 1061 278 1072 ex
288 1058 335 1076 parte
345 1055 440 1076 theologiae
451 1055 523 1074 moralis,
531 1055 626 1071 Lehmkuhl
633 1056 662 1076 (P.
670 1056 681 1072 i.

101 1082 121 1098 L.
130 1082 140 1098 i.
151 1082 178 1098 Tr.
186 1082 196 1098 i.
204 1082 224 1098 de
230 1087 270 1098 sactu
275 1087 311 1103 gen.
320 1087 332 1098 c.
341 1082 361 1097 iv.
369 1081 399 1103 52)
407 1082 448 1098 haec
455 1082 500 1098 dicit.
520 1082 604 1098 “Ratione
614 1082 681 1101 obiecti,

100 1109 146 1130 quod
159 1108 222 1124 intendi
234 1109 289 1127 debet,
298 1111 315 1124 et
326 1108 391 1124 ratione
402 1108 453 1127 modi,
460 1113 494 1129 quo
504 1109 546 1124 ritus
557 1111 575 1124 ut
585 1113 631 1124 sacer
640 1109 680 1129 poni
