794 1248
244 102 300 115 NIHIL
311 102 332 115 IN
345 102 422 115 GENERE
434 102 545 115 DEHMTUM.
654 100 681 115 181

104 142 185 158 rationem
194 142 235 158 ritus
245 142 295 163 plane
303 142 362 158 falsam
373 144 390 158 et
401 142 482 158 ludicram
493 142 552 162 reddit,
560 147 590 158 nec
601 142 634 158 iam
645 145 683 163 post

104 168 166 184 Morini
180 168 303 184 lucubrationes
316 168 353 189 plus
365 168 488 189 quinquaginta
500 168 548 184 annis
560 173 640 184 manuum
653 168 683 184 im-

104 194 191 214 positionis
199 194 302 210 mentionem
310 193 353 210 facit.
376 193 454 215 Denique
462 197 509 215 rogat
517 196 573 215 “quae
583 194 654 210 intentio
661 195 683 210 ab

104 219 136 236 illis
147 220 215 236 formari
227 220 304 240 potuerit,
315 220 343 240 qui
355 222 418 241 negant
429 220 514 236 Christum
526 223 555 236 aut
567 220 638 241 primam
651 221 683 236 Ec-

104 246 171 262 clesiam
179 246 232 262 ullum
240 247 344 262 incruentum
353 246 444 262 instituisse
451 246 575 262 sacrificium?”
593 247 682 263 Rationem

104 272 137 288 iam
153 272 204 293 paulo
215 272 333 293 spectatiorem
347 272 399 291 affert,
412 277 463 293 quam
476 275 533 289 tamen
547 273 682 289 absurdissimam

104 299 168 319 redigit.
192 298 276 320 Quicquid
287 299 331 315 enim
342 299 364 315 de
372 298 388 315 S.
397 299 459 315 Missae
467 298 552 315 Sacrificio
561 299 636 315 nonnulli
646 304 683 315 sen·

104 325 160 344 serint,
169 325 207 346 quis
218 325 286 341 tandem
296 325 401 346 Anglicanus
410 325 505 341 huiusmodi
516 326 622 346 negationem
632 325 683 341 sacri-

99 350 159 371 ficium
166 351 238 367 cuiusvis
246 351 311 372 generis
319 351 420 367 incruentum
428 351 529 367 adimentem
538 351 627 372 protulit¹?

137 377 173 394 2⁷8.
196 377 239 393 Cum
254 382 294 393 vero
309 377 371 393 talibus
386 377 479 393 rationibus
492 377 573 393 innitatur
585 382 682 398 responsum

104 408 115 418 a
123 402 139 419 S.
148 403 283 424 Congregatione
291 403 307 419 in
317 408 357 419 casu
367 403 446 424 singulari
457 404 521 422 datum,
529 408 579 419 nemo
589 409 630 419 sane
638 403 683 420 dicet

104 431 157 445 totam
173 429 288 449 quaestionem
304 429 320 445 S.
337 429 422 445 Ecclesiae
438 429 525 445 Romanae
541 430 641 446 auctoritate
658 430 683 446 di-

105 458 187 476 remptam
203 460 243 471 esse.
266 455 302 471 Nec
318 457 380 476 postea,
396 460 434 471 curn
450 455 550 471 Benedictus
566 455 617 472 X111.
632 456 684 472 libros

105 481 201 502 Courayerii
208 482 301 501 damnaret,
307 481 396 502 quicquam
403 482 420 497 in
425 481 456 498 hac
464 484 511 502 parte
517 482 622 503 disceptavit,
630 487 684 503 neque

105 507 157 523 ullam
173 507 261 528 hucusque
276 507 391 524 definitionem
409 507 431 523 ad
447 508 560 524 ordinationes
579 508 684 529 Anglieanas

105 533 197 554 generatim
206 536 309 554 spectantem
318 539 328 550 a
339 534 379 550 sede
388 534 488 555 Apostolica
498 539 586 550 emanasse
596 534 684 550 credimus.

106 559 151 580 Ergo
166 560 241 576 eiusdem
257 560 342 576 Ecclesiae
357 560 415 580 praxis
429 560 446 576 in
459 560 491 576 hac
503 565 519 576 re
531 565 565 576 non
578 566 588 576 a
602 561 684 577 sententia

104 585 178 605 definita,
186 591 220 602 non
232 591 242 602 a
252 586 301 602 certis
312 586 417 605 testimoniis,
424 591 458 602 non
467 591 477 602 a
486 586 543 602 critico
553 587 594 603 ritus
605 587 684 602 examine

105 611 193 632 dependet,
201 611 230 628 sed
239 617 249 628 a
257 611 317 628 sabulis
325 614 342 628 et
352 611 394 628 fictis
404 612 525 628 narrationibus
537 617 579 633 quas
589 617 639 629 nemo
650 617 683 629 non

105 637 167 658 spernit
179 637 271 657 historicus,
279 642 289 653 a
300 637 356 653 dubiis
365 643 408 658 quae
420 638 466 654 brevi
478 638 584 659 indagatione
596 638 685 658 solventur,

105 663 127 679 ab
137 663 219 679 erroribus
230 664 246 679 in
257 664 289 680 ritu
300 663 425 685 interpretando
435 664 516 683 admissis,
524 665 546 680 ab
554 665 611 685 iniqua
619 670 683 681 morum

105 689 216 710 Anglicorum
227 690 348 709 aestimatione,
360 690 449 706 infaustam
461 691 542 711 originem
554 691 618 707 habuit.
645 691 682 707 Pro-

105 716 144 732 inde
160 721 181 732 ex
195 716 231 737 ipsa
244 717 292 737 praxi
306 719 395 737 promanat
407 717 464 737 opinio
477 717 498 733 de
510 717 633 733 ordinationum
647 717 684 733 nul-

105 741 156 757 litate.
172 741 238 758 Causae
245 744 356 764 quaeruntur;
366 742 393 759 hic
401 742 434 758 illic
442 742 552 759 inveniuntur.
568 743 607 759 Non
615 743 683 759 easdem

106 767 178 784 referunt
186 770 272 788 auctores;
284 768 346 789 quippe
357 768 400 784 inter
410 774 428 785 se
439 769 530 785 contrarias
541 774 574 785 non
586 769 618 785 rari
628 769 683 785 innec-

105 796 146 810 tunt.
170 793 218 814 Quae
224 794 272 810 nobis
279 794 364 815 graviores
371 794 449 810 videntur
456 795 568 815 expendimus
575 800 579 814 ;
587 795 684 816 nugatorias

104 819 170 836 facilem
178 819 281 840 triumphum
289 822 398 840 aspernantes
405 820 496 837 omisimus.

137 846 173 863 2⁴79.
197 846 249 862 Hunc
256 846 306 862 finem
315 846 412 867 disputandi
420 852 506 867 ponemus.
529 847 597 868 ludigni
609 847 638 868 qui
649 852 684 863 ma-

105 872 134 888 tris
150 874 217 888 nostrae
232 872 317 889 Ecclesiae
330 872 444 889 defensionem
457 878 532 894 agamus,
545 873 562 889 id
574 873 634 889 saltem
647 878 684 894 spe-

105 903 161 914 ramus
168 903 200 914 nos
207 901 309 918 consecutos,
317 901 334 915 ut
342 904 376 915 rem
383 899 432 915 valde
438 899 559 915 contentiosam
566 899 607 915 citra
615 899 684 916 modum

105 924 179 941 caritatis
192 925 321 941 tractaverimus
346 925 365 941 In
380 930 439 946 pacem
455 926 571 942 contendimus
586 928 637 946 atque
648 926 684 942 uni-

106 952 158 966 tatem
165 950 250 967 Ecclesiae
255 951 356 967 Catholicae.
373 951 411 967 Non
418 952 486 972 quidem
492 952 514 968 de
519 951 612 968 hierarchia
617 954 683 968 tantum

105 976 166 992 scimus
174 982 210 993 esse
218 977 333 998 quaestionem
340 982 374 998 qua
381 977 496 993 distrahantur
503 977 565 996 fideles,
574 983 628 998 neque
635 978 684 994 huius

106 1002 137 1018 nisi
153 1003 243 1024 primordia
260 1003 356 1024 tangimus;
371 1003 412 1019 nihil
425 1004 447 1019 de
460 1003 543 1023 missione,
558 1004 599 1020 nihii
614 1004 648 1020 sere
663 1004 685 1020 de

105 1028 197 1044 hierarchia
205 1029 322 1045 iurisdictionis
332 1029 441 1050 disputatum.
459 1029 498 1046 Hoc
506 1034 557 1046 unum
565 1030 582 1045 in
590 1030 685 1046 discrimine

106 1060 150 1071 nune
161 1055 233 1076 ponitur,
240 1058 259 1071 ut
270 1056 312 1071 sacri
324 1056 401 1075 Ordines,
410 1056 470 1076 quibus
482 1056 542 1072 initiati
554 1061 616 1075 sumus,
628 1056 684 1072 incon-

105 1081 148 1097 cussi
155 1083 199 1097 stare
205 1081 300 1101 videantur;
310 1081 370 1102 quibus
378 1081 428 1098 salvis
436 1082 469 1097 alia
477 1087 553 1103 quaeque
561 1082 615 1098 multo
621 1082 685 1098 facilius

179 1112 184 1121 ¹
192 1113 225 1126 vm:
231 1117 263 1130 qm
269 1114 285 1126 de
290 1114 310 1126 hi·
315 1114 328 1126 in
334 1114 375 1130 upne
381 1114 425 1130 quinto
431 1114 515 1129 disseruimus,
523 1118 544 1127 mn.
552 1115 574 1131 περ
580 1119 615 1131 seqq.
