794 1248
116 87 139 103 68
313 89 352 103 CAP,
364 89 390 102 111.
413 90 438 102 DE
450 90 500 103 RITUl

180 154 212 170 111.
235 153 262 170 De
271 153 346 170 Materia
357 157 373 170 et
382 154 445 171 Forma
456 155 474 171 in
485 154 527 171 Ritu
538 155 635 176 Anglicano.

150 204 186 221 10⁶.
209 203 286 220 Tandem
299 203 320 220 ad
334 204 401 220 tertiam
416 204 531 225 quaestionem
547 205 651 225 pergendum
666 207 696 221 est.

118 230 208 252 Quaeritur
216 232 271 246 utrum
282 230 298 246 in
309 230 342 246 ritu
352 235 386 251 quo
396 230 458 247 Parker
468 233 574 247 consecratus
585 231 616 247 suit
626 231 696 247 materia

117 259 135 273 et
142 257 196 273 forma
203 256 308 277 adaequatae
315 261 346 277 pro
353 256 478 273 consecratione
484 257 575 278 episcopali
581 257 696 273 adhibeantur.

152 282 237 304 Imprimis
245 282 337 298 notandum
346 284 372 299 est
380 283 466 299 Ecclesiae
473 284 549 299 omniurn
557 289 639 301 consensu
647 284 696 300 licere

118 309 164 328 ritus,
179 308 239 330 quibus
254 308 373 329 dispensantur
387 311 497 328 sacramenta,
512 312 577 326 mutare
593 315 612 326 ac
628 310 696 329 variare.

117 334 210 351 dummodo
221 334 261 350 nihil
271 334 287 350 in
295 335 407 351 substantiam
415 335 515 351 sacramenti
523 337 619 352 attentetur*
642 335 696 357 Quin-

118 361 169 378 etiam
179 361 223 377 banc
233 363 334 381 potestatem
345 366 379 377 non
390 361 476 377 Ecclesiae
486 364 552 378 tantum
563 362 656 381 universali,
666 362 696 378 sed

117 392 148 408 pm
156 386 252 403 diversitate
262 386 336 402 locorum
347 389 364 403 et
374 389 469 408 temporum
478 387 557 404 Ecclesiis
565 388 616 404 etiam
624 388 696 409 particu-

117 413 180 430 laribus
187 418 284 429 concessam
295 418 331 429 esse
341 419 364 429 ex
375 419 395 430 eo
405 414 486 434 probatur
496 414 541 435 quod
552 414 593 430 ritus
603 415 663 431 diversi
674 414 696 430 ab

118 439 200 461 episcopis
208 439 225 455 in
232 444 280 455 usum
286 439 390 460 propriarum
398 440 499 456 dioecesium
507 440 596 461 compositi
605 443 622 456 et
630 440 697 456 fuerunt

118 468 135 482 et
146 466 197 482 etiarn
210 470 253 482 nunc
265 468 338 482 exstant.
361 466 433 482 Constat
446 466 496 485 enim,
508 469 527 482 ut
540 466 590 483 docet
606 467 697 483 Renaudot

117 492 135 508 in
150 491 272 508 Dissertatione
288 492 310 508 de
326 491 399 512 Syriacis
417 492 535 508 Melchitarum
550 495 567 508 et
581 493 696 513 jacobitarum

118 518 203 539 Liturgiis,
208 523 223 539 p.
229 517 268 537 xiii„
275 517 364 533 orientales
372 518 460 537 antistites,
468 523 490 534 ex
498 518 589 539 episcopali
597 518 697 534 auctoritate

118 549 151 565 qua
166 549 232 564 semper
247 543 263 559 in
281 543 379 559 ordinandis
398 543 513 560 ecclesiasticis
532 543 590 560 officiis
609 544 634 560 usi
653 546 696 563 sunt.

118 570 198 586 formulas
205 569 266 591 quibus
274 569 391 590 dispensentur
399 573 504 586 sacramenta
511 572 546 586 tam
556 570 637 591 Baptismi
645 575 696 591 quam

119 595 238 615 Poenitentiae,
248 600 313 611 necnon
324 595 374 612 libros
386 596 454 612 rituales
464 601 502 612 cum
513 596 596 612 adiunctis
607 596 633 612 vel
645 596 696 612 etiam

118 622 194 643 liturgias
209 621 326 643 composuisse⁴
350 621 416 638 Eodem
432 622 482 638 modu
498 624 514 638 et
530 622 547 638 in
563 622 638 638 Ecclesia
653 622 696 638 occi-

118 648 182 664 dentali
198 647 238 664 ritus
254 647 333 664 formulas
348 648 458 664 caerimonias
470 653 501 669 pro
514 651 620 664 sacramento
633 648 696 664 ordinis

118 674 252 691 administrando
262 674 334 690 variatas
344 673 394 690 fuisse
405 673 426 690 ad
437 674 523 690 arbitrium
534 674 606 690 cuiusvis
618 674 696 695 episcopi,

118 700 165 716 salva
178 705 244 721 semper
254 699 349 715 substantia
360 700 465 718 sacramenti,
477 699 583 716 notissimum
597 703 627 716 est.
651 700 697 716 Inter

119 726 185 748 Anglos
206 726 304 742 Pontificale
323 726 451 745 Sarisburiense,
472 726 515 742 sicut
533 729 550 742 et
570 726 602 742 alia
621 726 696 742 eiusdem

119 752 205 769 Ecclesiae
217 752 287 771 ritualia,
298 754 337 768 ante
350 751 434 767 saeculum
447 754 515 767 sextum
526 752 610 768 decimum
621 752 697 768 maximo

119 778 135 794 in
149 784 179 795 usu
189 778 260 800 vigebat.
285 777 320 794 Nec
330 780 386 793 tamen
397 777 414 793 id
424 777 503 793 obstabat
513 778 604 798 quominus
614 778 697 794 antistites

119 805 189 821 aliarum
205 804 316 820 Ecclesiamm
332 809 363 825 pro
377 804 446 819 arbitrio
462 808 492 819 suo
508 804 613 820 Pontifiealia
630 804 697 825 propria

119 827 239 851 componerent
254 832 305 851 atque
319 830 335 846 in
349 835 379 846 usu
395 829 495 849 retinerent;
510 835 554 851 quae
569 835 602 846 non
616 830 667 846 modo
680 830 697 846 in

119 856 223 872 caerimoniis
231 856 347 872 minutioribus
355 856 384 872 sed
393 856 444 872 etiam
453 856 469 871 in
476 856 525 871 rebus
529 856 610 876 gravioris
616 856 697 872 momenti

120 883 163 899 inter
173 888 191 899 se
201 882 322 903 discrepabant.
346 882 426 902 Exempli
439 882 493 902 gratia
504 887 542 898 cum
554 882 582 898 alii
594 882 628 898 sere
639 887 697 898 omnes

120 909 209 925 formulam
226 908 285 929 Ampe
301 908 383 929 Spiritum
402 908 481 924 Sanctum
498 914 508 924 a
527 908 563 924 solo
582 911 698 924 consecratore

120 934 207 956 principali
218 934 321 955 pronuntiari
332 934 413 953 iusserint,
422 934 472 950 Liber
483 934 590 953 Exoniensis,
599 934 698 950 auctoritate

121 961 207 977 Edmundi
216 960 267 981 Lacy,
275 960 304 981 qui
312 960 360 976 annis
370 960 444 980 1421»ςὸ
451 960 513 976 ibidem
524 960 612 981 episcopus·
623 960 697 979 florebat,

120 987 180 1003 eadem
195 986 246 1002 verba
260 986 304 1002 sicut
319 991 363 1002 nunc
378 986 393 1001 in
410 986 503 1002 Pontificali
517 986 596 1002 Romano
609 986 631 1002 ab
644 986 698 1002 omni-

121 1013 152 1029 bus
165 1012 248 1033 episcopis
262 1012 357 1028 astantibus
372 1011 421 1027 simul
437 1012 505 1033 proferri
518 1012 584 1028 voluit&
608 1012 645 1028 Irno
661 1012 698 1028 libri

121 1038 252 1055 Sarisburienses
262 1042 296 1053 non
304 1037 335 1053 nisi
344 1037 395 1053 libero
403 1042 485 1054 consensu
495 1038 589 1054 antistitum
600 1038 621 1054 ad
632 1038 698 1054 culmen

162 1093 167 1101 ¹
176 1093 214 1107 Liber
219 1093 265 1106 Pontis.
272 1097 286 1109 p.
292 1093 312 1110 9⁶.
330 1092 478 1107 Muk011,Mmmm1a
483 1093 545 1108 Rima-2³,
552 1093 577 1106 voi.
584 1092 601 1105 iii.
608 1097 620 1110 ρ,
628 1093 656 1109 25⁸.
