<?xml version="1.0" encoding="UTF-8"?>
<!DOCTYPE html PUBLIC "-//W3C//DTD XHTML 1.0 Transitional//EN"
    "http://www.w3.org/TR/xhtml1/DTD/xhtml1-transitional.dtd">
<html xmlns="http://www.w3.org/1999/xhtml" xml:lang="en" lang="en">
 <head>
  <title>
</title>
<meta http-equiv="Content-Type" content="text/html;charset=utf-8" />
  <meta name='ocr-system' content='tesseract 3.04.00' />
  <meta name='ocr-capabilities' content='ocr_page ocr_carea ocr_par ocr_line ocrx_word'/>
</head>
<body>
  <div class='ocr_page' id='page_1' title='image "./dehierarchiaang00lacegoog_0142.png"; bbox 0 0 794 1248; ppageno 0'>
   <div class='ocr_carea' id='block_1_1' title="bbox 269 101 692 119">
    <p class='ocr_par' dir='ltr' id='par_1_1' title="bbox 269 101 692 119">
     <span class='ocr_line' id='line_1_1' title="bbox 269 101 692 119; baseline 0.002 -5"><span class='ocrx_word' id='word_1_1' title='bbox 269 101 294 114; x_wconf 78' lang='lat' dir='ltr'>DE</span> <span class='ocrx_word' id='word_1_2' title='bbox 306 101 414 115; x_wconf 73' lang='lat' dir='ltr'>POTESTATE</span> <span class='ocrx_word' id='word_1_3' title='bbox 425 102 538 115; x_wconf 72' lang='lat' dir='ltr'><strong>OFFERENDI.</strong></span> <span class='ocrx_word' id='word_1_4' title='bbox 662 103 692 119; x_wconf 82' lang='lat'>117</span> 
     </span>
    </p>
   </div>
   <div class='ocr_carea' id='block_1_2' title="bbox 110 141 692 760">
    <p class='ocr_par' dir='ltr' id='par_1_2' title="bbox 111 141 692 209">
     <span class='ocr_line' id='line_1_2' title="bbox 111 141 692 163; baseline 0.002 -6"><span class='ocrx_word' id='word_1_5' title='bbox 111 141 133 157; x_wconf 84' lang='lat' dir='ltr'>ad</span> <span class='ocrx_word' id='word_1_6' title='bbox 143 146 172 157; x_wconf 82' lang='lat' dir='ltr'>eos</span> <span class='ocrx_word' id='word_1_7' title='bbox 183 141 228 157; x_wconf 83' lang='lat' dir='ltr'>lenta</span> <span class='ocrx_word' id='word_1_8' title='bbox 239 146 284 160; x_wconf 84' lang='lat' dir='ltr'>voce,</span> <span class='ocrx_word' id='word_1_9' title='bbox 292 141 363 162; x_wconf 78' lang='lat' dir='ltr'><em>Accipite</em></span> <span class='ocrx_word' id='word_1_10' title='bbox 369 144 465 162; x_wconf 73' lang='lat' dir='ltr'>potestatem</span> <span class='ocrx_word' id='word_1_11' title='bbox 475 142 533 162; x_wconf 75' lang='lat' dir='ltr'>offerre</span> <span class='ocrx_word' id='word_1_12' title='bbox 542 142 641 163; x_wconf 76' lang='lat' dir='ltr'>samficium</span> <span class='ocrx_word' id='word_1_13' title='bbox 653 142 692 162; x_wconf 76' lang='lat' dir='ltr'>Deo,</span> 
     </span>
     <span class='ocr_line' id='line_1_3' title="bbox 111 167 692 189; baseline 0.002 -6"><span class='ocrx_word' id='word_1_14' title='bbox 111 167 210 188; x_wconf 71' lang='lat' dir='ltr'>missamque</span> <span class='ocrx_word' id='word_1_15' title='bbox 220 167 302 186; x_wconf 76' lang='lat' dir='ltr'>celebrare,</span> <span class='ocrx_word' id='word_1_16' title='bbox 314 170 348 184; x_wconf 83' lang='lat' dir='ltr'>tam</span> <span class='ocrx_word' id='word_1_17' title='bbox 356 170 388 188; x_wconf 72' lang='lat' dir='ltr'>pro</span> <span class='ocrx_word' id='word_1_18' title='bbox 400 167 444 184; x_wconf 80' lang='lat' dir='ltr'>vivis</span> <span class='ocrx_word' id='word_1_19' title='bbox 453 173 502 188; x_wconf 79' lang='lat' dir='ltr'>quam</span> <span class='ocrx_word' id='word_1_20' title='bbox 513 170 529 184; x_wconf 82' lang='lat' dir='ltr'>et</span> <span class='ocrx_word' id='word_1_21' title='bbox 535 171 567 189; x_wconf 79' lang='lat' dir='ltr'>pro</span> <span class='ocrx_word' id='word_1_22' title='bbox 577 168 662 189; x_wconf 78' lang='lat' dir='ltr'>defunctis,</span> <span class='ocrx_word' id='word_1_23' title='bbox 674 167 692 184; x_wconf 74' lang='lat' dir='ltr'>in</span> 
     </span>
     <span class='ocr_line' id='line_1_4' title="bbox 111 192 278 209; baseline 0 0"><span class='ocrx_word' id='word_1_24' title='bbox 111 193 176 209; x_wconf 77' lang='lat' dir='ltr'>nominc</span> <span class='ocrx_word' id='word_1_25' title='bbox 186 193 257 209; x_wconf 80' lang='lat' dir='ltr'>Domini</span> <span class='ocrx_word' id='word_1_26' title='bbox 260 192 278 209; x_wconf 64' lang='lat'>¹3¹</span> 
     </span>
    </p>

    <p class='ocr_par' dir='ltr' id='par_1_3' title="bbox 111 219 692 344">
     <span class='ocr_line' id='line_1_5' title="bbox 144 219 691 236; baseline 0.002 -1"><span class='ocrx_word' id='word_1_27' title='bbox 144 219 181 236; x_wconf 78' lang='lat'>17⁶.</span> <span class='ocrx_word' id='word_1_28' title='bbox 204 219 240 235; x_wconf 85' lang='lat' dir='ltr'>Nec</span> <span class='ocrx_word' id='word_1_29' title='bbox 250 224 289 235; x_wconf 80' lang='lat' dir='ltr'>vero</span> <span class='ocrx_word' id='word_1_30' title='bbox 300 219 395 235; x_wconf 79' lang='lat' dir='ltr'>huiusmodi</span> <span class='ocrx_word' id='word_1_31' title='bbox 406 219 530 236; x_wconf 84' lang='lat' dir='ltr'>benedictiones</span> <span class='ocrx_word' id='word_1_32' title='bbox 537 219 601 236; x_wconf 78' lang='lat' dir='ltr'>formae</span> <span class='ocrx_word' id='word_1_33' title='bbox 609 220 691 236; x_wconf 88' lang='lat' dir='ltr'>rationem</span> 
     </span>
     <span class='ocr_line' id='line_1_6' title="bbox 111 245 691 267; baseline 0.002 -6"><span class='ocrx_word' id='word_1_34' title='bbox 111 245 143 262; x_wconf 85' lang='lat' dir='ltr'>sibi</span> <span class='ocrx_word' id='word_1_35' title='bbox 158 246 249 265; x_wconf 78' lang='lat' dir='ltr'>vindicant,</span> <span class='ocrx_word' id='word_1_36' title='bbox 264 251 308 266; x_wconf 87' lang='lat' dir='ltr'>quae</span> <span class='ocrx_word' id='word_1_37' title='bbox 325 251 379 267; x_wconf 85' lang='lat' dir='ltr'>neque</span> <span class='ocrx_word' id='word_1_38' title='bbox 398 246 433 262; x_wconf 87' lang='lat' dir='ltr'>ullo</span> <span class='ocrx_word' id='word_1_39' title='bbox 452 246 503 262; x_wconf 85' lang='lat' dir='ltr'>modo</span> <span class='ocrx_word' id='word_1_40' title='bbox 521 251 559 262; x_wconf 85' lang='lat' dir='ltr'>cum</span> <span class='ocrx_word' id='word_1_41' title='bbox 574 246 691 262; x_wconf 77' lang='lat' dir='ltr'>sacramentali</span> 
     </span>
     <span class='ocr_line' id='line_1_7' title="bbox 112 271 691 292; baseline 0.002 -5"><span class='ocrx_word' id='word_1_42' title='bbox 112 272 182 288; x_wconf 83' lang='lat' dir='ltr'>materia</span> <span class='ocrx_word' id='word_1_43' title='bbox 195 272 300 291; x_wconf 74' lang='lat' dir='ltr'>cohaereant,</span> <span class='ocrx_word' id='word_1_44' title='bbox 312 277 342 287; x_wconf 84' lang='lat' dir='ltr'>nec</span> <span class='ocrx_word' id='word_1_45' title='bbox 356 272 387 287; x_wconf 89' lang='lat' dir='ltr'>nisi</span> <span class='ocrx_word' id='word_1_46' title='bbox 401 272 489 292; x_wconf 82' lang='lat' dir='ltr'>potestatis</span> <span class='ocrx_word' id='word_1_47' title='bbox 502 271 536 288; x_wconf 88' lang='lat' dir='ltr'>iam</span> <span class='ocrx_word' id='word_1_48' title='bbox 549 271 620 288; x_wconf 79' lang='lat' dir='ltr'>collatae</span> <span class='ocrx_word' id='word_1_49' title='bbox 631 272 691 288; x_wconf 77' lang='lat' dir='ltr'>clarius</span> 
     </span>
     <span class='ocr_line' id='line_1_8' title="bbox 111 297 692 318; baseline 0 -4"><span class='ocrx_word' id='word_1_50' title='bbox 111 297 211 314; x_wconf 74' lang='lat' dir='ltr'>indicandae</span> <span class='ocrx_word' id='word_1_51' title='bbox 229 303 280 314; x_wconf 81' lang='lat' dir='ltr'>causa</span> <span class='ocrx_word' id='word_1_52' title='bbox 295 298 356 314; x_wconf 81' lang='lat' dir='ltr'>fuerint</span> <span class='ocrx_word' id='word_1_53' title='bbox 372 298 444 314; x_wconf 83' lang='lat' dir='ltr'>additae.</span> <span class='ocrx_word' id='word_1_54' title='bbox 468 298 495 314; x_wconf 89' lang='lat' dir='ltr'>Ita</span> <span class='ocrx_word' id='word_1_55' title='bbox 511 298 594 314; x_wconf 77' lang='lat' dir='ltr'>sentiebat</span> <span class='ocrx_word' id='word_1_56' title='bbox 610 298 692 318; x_wconf 80' lang='lat' dir='ltr'>Magister</span> 
     </span>
     <span class='ocr_line' id='line_1_9' title="bbox 112 323 412 344; baseline 0 -5"><span class='ocrx_word' id='word_1_57' title='bbox 112 323 237 339; x_wconf 74' lang='lat' dir='ltr'>Sententiarum</span> <span class='ocrx_word' id='word_1_58' title='bbox 248 323 283 344; x_wconf 82' lang='lat' dir='ltr'>(lib.</span> <span class='ocrx_word' id='word_1_59' title='bbox 295 324 317 339; x_wconf 55' lang='lat' dir='ltr'>iv.</span> <span class='ocrx_word' id='word_1_60' title='bbox 329 323 366 339; x_wconf 83' lang='lat' dir='ltr'>dist.</span> <span class='ocrx_word' id='word_1_61' title='bbox 379 324 412 344; x_wconf 80' lang='lat'>24).</span> 
     </span>
    </p>

    <p class='ocr_par' dir='ltr' id='par_1_4' title="bbox 110 349 691 708">
     <span class='ocr_line' id='line_1_10' title="bbox 144 349 691 370; baseline 0 -5"><span class='ocrx_word' id='word_1_62' title='bbox 144 349 180 366; x_wconf 85' lang='lat'><strong>177.</strong></span> <span class='ocrx_word' id='word_1_63' title='bbox 203 349 254 365; x_wconf 87' lang='lat' dir='ltr'>Porro</span> <span class='ocrx_word' id='word_1_64' title='bbox 262 354 316 370; x_wconf 83' lang='lat' dir='ltr'>neque</span> <span class='ocrx_word' id='word_1_65' title='bbox 324 349 341 365; x_wconf 92' lang='lat' dir='ltr'>in</span> <span class='ocrx_word' id='word_1_66' title='bbox 349 349 442 365; x_wconf 80' lang='lat' dir='ltr'>Pontificali</span> <span class='ocrx_word' id='word_1_67' title='bbox 451 349 529 365; x_wconf 88' lang='lat' dir='ltr'>Romano</span> <span class='ocrx_word' id='word_1_68' title='bbox 539 349 635 370; x_wconf 81' lang='lat' dir='ltr'>perhibetur</span> <span class='ocrx_word' id='word_1_69' title='bbox 643 349 691 365; x_wconf 78' lang='lat' dir='ltr'>iuxta</span> 
     </span>
     <span class='ocr_line' id='line_1_11' title="bbox 111 375 691 396; baseline 0 -5"><span class='ocrx_word' id='word_1_70' title='bbox 111 375 243 391; x_wconf 81' lang='lat' dir='ltr'>communiorem</span> <span class='ocrx_word' id='word_1_71' title='bbox 258 375 359 391; x_wconf 84' lang='lat' dir='ltr'>sententiam</span> <span class='ocrx_word' id='word_1_72' title='bbox 378 375 432 391; x_wconf 81' lang='lat' dir='ltr'>forma</span> <span class='ocrx_word' id='word_1_73' title='bbox 449 375 567 396; x_wconf 76' lang='lat' dir='ltr'>presbyteralis</span> <span class='ocrx_word' id='word_1_74' title='bbox 582 375 691 391; x_wconf 80' lang='lat' dir='ltr'>ordinationis</span> 
     </span>
     <span class='ocr_line' id='line_1_12' title="bbox 110 401 691 422; baseline 0 -5"><span class='ocrx_word' id='word_1_75' title='bbox 110 406 154 422; x_wconf 86' lang='lat' dir='ltr'>quae</span> <span class='ocrx_word' id='word_1_76' title='bbox 169 401 217 417; x_wconf 88' lang='lat' dir='ltr'>huius</span> <span class='ocrx_word' id='word_1_77' title='bbox 232 401 321 422; x_wconf 82' lang='lat' dir='ltr'>potestatis</span> <span class='ocrx_word' id='word_1_78' title='bbox 336 401 439 417; x_wconf 83' lang='lat' dir='ltr'>mentionem</span> <span class='ocrx_word' id='word_1_79' title='bbox 454 401 508 417; x_wconf 80' lang='lat' dir='ltr'>faciat.</span> <span class='ocrx_word' id='word_1_80' title='bbox 532 401 577 417; x_wconf 90' lang='lat' dir='ltr'>Nam</span> <span class='ocrx_word' id='word_1_81' title='bbox 593 401 636 417; x_wconf 80' lang='lat' dir='ltr'>facta</span> <span class='ocrx_word' id='word_1_82' title='bbox 651 406 691 417; x_wconf 86' lang='lat' dir='ltr'>eon-</span> 
     </span>
     <span class='ocr_line' id='line_1_13' title="bbox 110 427 690 448; baseline 0 -5"><span class='ocrx_word' id='word_1_83' title='bbox 110 427 185 443; x_wconf 81' lang='lat' dir='ltr'>clusione</span> <span class='ocrx_word' id='word_1_84' title='bbox 205 427 250 448; x_wconf 90' lang='lat' dir='ltr'>quod</span> <span class='ocrx_word' id='word_1_85' title='bbox 271 433 300 448; x_wconf 84' lang='lat' dir='ltr'>per</span> <span class='ocrx_word' id='word_1_86' title='bbox 319 427 390 448; x_wconf 79' lang='lat' dir='ltr'>primam</span> <span class='ocrx_word' id='word_1_87' title='bbox 411 427 437 443; x_wconf 90' lang='lat' dir='ltr'>vel</span> <span class='ocrx_word' id='word_1_88' title='bbox 456 427 547 443; x_wconf 88' lang='lat' dir='ltr'>secundam</span> <span class='ocrx_word' id='word_1_89' title='bbox 566 427 690 448; x_wconf 80' lang='lat' dir='ltr'>impositionem</span> 
     </span>
     <span class='ocr_line' id='line_1_14' title="bbox 111 453 690 473; baseline 0 -4"><span class='ocrx_word' id='word_1_90' title='bbox 111 458 192 469; x_wconf 89' lang='lat' dir='ltr'>manuum</span> <span class='ocrx_word' id='word_1_91' title='bbox 203 453 288 469; x_wconf 75' lang='lat' dir='ltr'>confertur</span> <span class='ocrx_word' id='word_1_92' title='bbox 300 453 416 472; x_wconf 79' lang='lat' dir='ltr'>sacerdotium,</span> <span class='ocrx_word' id='word_1_93' title='bbox 428 453 502 473; x_wconf 82' lang='lat' dir='ltr'>sequitur</span> <span class='ocrx_word' id='word_1_94' title='bbox 515 455 534 469; x_wconf 91' lang='lat' dir='ltr'>ut</span> <span class='ocrx_word' id='word_1_95' title='bbox 548 453 632 469; x_wconf 85' lang='lat' dir='ltr'>orationes</span> <span class='ocrx_word' id='word_1_96' title='bbox 647 458 690 473; x_wconf 86' lang='lat' dir='ltr'>quae</span> 
     </span>
     <span class='ocr_line' id='line_1_15' title="bbox 111 479 690 500; baseline 0 -5"><span class='ocrx_word' id='word_1_97' title='bbox 111 479 154 495; x_wconf 83' lang='lat' dir='ltr'>hanc</span> <span class='ocrx_word' id='word_1_98' title='bbox 161 479 280 495; x_wconf 81' lang='lat' dir='ltr'>caerimoniam</span> <span class='ocrx_word' id='word_1_99' title='bbox 291 480 392 495; x_wconf 77' lang='lat' dir='ltr'>comitantur</span> <span class='ocrx_word' id='word_1_100' title='bbox 402 484 432 500; x_wconf 86' lang='lat' dir='ltr'>pro</span> <span class='ocrx_word' id='word_1_101' title='bbox 440 479 494 495; x_wconf 81' lang='lat' dir='ltr'>forma</span> <span class='ocrx_word' id='word_1_102' title='bbox 501 479 585 495; x_wconf 72' lang='lat' dir='ltr'>essentiali</span> <span class='ocrx_word' id='word_1_103' title='bbox 593 479 690 495; x_wconf 79' lang='lat' dir='ltr'>habeantur.</span> 
     </span>
     <span class='ocr_line' id='line_1_16' title="bbox 110 505 691 526; baseline -0.002 -5"><span class='ocrx_word' id='word_1_104' title='bbox 110 505 217 524; x_wconf 62' lang='lat' dir='ltr'>“Formam&#39;&#39;</span> <span class='ocrx_word' id='word_1_105' title='bbox 229 505 283 526; x_wconf 89' lang='lat' dir='ltr'>inquit</span> <span class='ocrx_word' id='word_1_106' title='bbox 295 505 373 526; x_wconf 84' lang='lat' dir='ltr'>Gasparri</span> <span class='ocrx_word' id='word_1_107' title='bbox 384 506 407 526; x_wconf 84' lang='lat' dir='ltr'>(n.</span> <span class='ocrx_word' id='word_1_108' title='bbox 421 505 473 525; x_wconf 80' lang='lat'>1079),</span> <span class='ocrx_word' id='word_1_109' title='bbox 485 506 585 521; x_wconf 81' lang='lat' dir='ltr'>“censemus</span> <span class='ocrx_word' id='word_1_110' title='bbox 596 510 632 521; x_wconf 57' lang='lat' dir='ltr'>use</span> <span class='ocrx_word' id='word_1_111' title='bbox 644 510 691 526; x_wconf 80' lang='lat' dir='ltr'>prae-</span> 
     </span>
     <span class='ocr_line' id='line_1_17' title="bbox 111 531 690 552; baseline 0 -5"><span class='ocrx_word' id='word_1_112' title='bbox 111 531 190 547; x_wconf 83' lang='lat' dir='ltr'>fationem</span> <span class='ocrx_word' id='word_1_113' title='bbox 202 531 250 548; x_wconf 81' lang='lat' dir='ltr'>sicuti</span> <span class='ocrx_word' id='word_1_114' title='bbox 262 531 279 547; x_wconf 93' lang='lat' dir='ltr'>in</span> <span class='ocrx_word' id='word_1_115' title='bbox 291 532 360 552; x_wconf 84' lang='lat' dir='ltr'>antiqua</span> <span class='ocrx_word' id='word_1_116' title='bbox 371 531 437 552; x_wconf 76' lang='lat' dir='ltr'>liturgia</span> <span class='ocrx_word' id='word_1_117' title='bbox 450 531 537 547; x_wconf 89' lang='lat' dir='ltr'>Romana:</span> <span class='ocrx_word' id='word_1_118' title='bbox 549 531 634 552; x_wconf 87' lang='lat' dir='ltr'>quomodo</span> <span class='ocrx_word' id='word_1_119' title='bbox 645 531 690 547; x_wconf 85' lang='lat' dir='ltr'>enim</span> 
     </span>
     <span class='ocr_line' id='line_1_18' title="bbox 111 557 691 578; baseline 0 -5"><span class='ocrx_word' id='word_1_120' title='bbox 111 557 172 578; x_wconf 82' lang='lat' dir='ltr'>probas</span> <span class='ocrx_word' id='word_1_121' title='bbox 183 557 275 573; x_wconf 73' lang='lat' dir='ltr'>Ecclesiam</span> <span class='ocrx_word' id='word_1_122' title='bbox 285 558 319 573; x_wconf 89' lang='lat' dir='ltr'>vim</span> <span class='ocrx_word' id='word_1_123' title='bbox 330 558 460 573; x_wconf 80' lang='lat' dir='ltr'>consecrativam</span> <span class='ocrx_word' id='word_1_124' title='bbox 471 557 553 573; x_wconf 79' lang='lat' dir='ltr'>ademisse</span> <span class='ocrx_word' id='word_1_125' title='bbox 563 557 661 578; x_wconf 83' lang='lat' dir='ltr'>praefationi</span> <span class='ocrx_word' id='word_1_126' title='bbox 673 559 691 573; x_wconf 87' lang='lat' dir='ltr'>et</span> 
     </span>
     <span class='ocr_line' id='line_1_19' title="bbox 110 583 690 604; baseline 0 -5"><span class='ocrx_word' id='word_1_127' title='bbox 110 583 188 599; x_wconf 82' lang='lat' dir='ltr'>tribuisse</span> <span class='ocrx_word' id='word_1_128' title='bbox 195 583 232 599; x_wconf 87' lang='lat' dir='ltr'>aliis</span> <span class='ocrx_word' id='word_1_129' title='bbox 242 583 330 604; x_wconf 73' lang='lat' dir='ltr'>precibus?</span> <span class='ocrx_word' id='word_1_130' title='bbox 353 583 413 604; x_wconf 88' lang='lat' dir='ltr'>Neque</span> <span class='ocrx_word' id='word_1_131' title='bbox 423 583 469 599; x_wconf 84' lang='lat' dir='ltr'>dicas</span> <span class='ocrx_word' id='word_1_132' title='bbox 479 583 590 604; x_wconf 84' lang='lat' dir='ltr'>prolationem</span> <span class='ocrx_word' id='word_1_133' title='bbox 601 583 664 599; x_wconf 82' lang='lat' dir='ltr'>formae</span> <span class='ocrx_word' id='word_1_134' title='bbox 673 583 690 599; x_wconf 95' lang='lat' dir='ltr'>in</span> 
     </span>
     <span class='ocr_line' id='line_1_20' title="bbox 110 609 690 630; baseline 0 -5"><span class='ocrx_word' id='word_1_135' title='bbox 110 614 150 625; x_wconf 80' lang='lat' dir='ltr'>casu</span> <span class='ocrx_word' id='word_1_136' title='bbox 163 609 212 625; x_wconf 89' lang='lat' dir='ltr'>nimis</span> <span class='ocrx_word' id='word_1_137' title='bbox 223 609 285 625; x_wconf 77' lang='lat' dir='ltr'>distare</span> <span class='ocrx_word' id='word_1_138' title='bbox 297 614 307 625; x_wconf 93' lang='lat' dir='ltr'>a</span> <span class='ocrx_word' id='word_1_139' title='bbox 319 609 403 630; x_wconf 82' lang='lat' dir='ltr'>positione</span> <span class='ocrx_word' id='word_1_140' title='bbox 415 609 503 629; x_wconf 67' lang='lat' dir='ltr'>materiaeg</span> <span class='ocrx_word' id='word_1_141' title='bbox 519 614 558 625; x_wconf 85' lang='lat' dir='ltr'>narn</span> <span class='ocrx_word' id='word_1_142' title='bbox 571 609 690 630; x_wconf 84' lang='lat' dir='ltr'>respondemus</span> 
     </span>
     <span class='ocr_line' id='line_1_21' title="bbox 110 635 691 656; baseline 0 -5"><span class='ocrx_word' id='word_1_143' title='bbox 110 635 169 651; x_wconf 78' lang='lat' dir='ltr'>adesse</span> <span class='ocrx_word' id='word_1_144' title='bbox 181 635 261 651; x_wconf 83' lang='lat' dir='ltr'>moralem</span> <span class='ocrx_word' id='word_1_145' title='bbox 275 635 354 651; x_wconf 84' lang='lat' dir='ltr'>unionem</span> <span class='ocrx_word' id='word_1_146' title='bbox 366 635 480 655; x_wconf 79' lang='lat' dir='ltr'>sufficientem,</span> <span class='ocrx_word' id='word_1_147' title='bbox 491 635 542 656; x_wconf 88' lang='lat' dir='ltr'>idque</span> <span class='ocrx_word' id='word_1_148' title='bbox 554 635 641 651; x_wconf 79' lang='lat' dir='ltr'>manifeste</span> <span class='ocrx_word' id='word_1_149' title='bbox 652 641 691 656; x_wconf 83' lang='lat' dir='ltr'>pro-</span> 
     </span>
     <span class='ocr_line' id='line_1_22' title="bbox 111 661 691 682; baseline 0 -5"><span class='ocrx_word' id='word_1_150' title='bbox 111 661 146 677; x_wconf 85' lang='lat' dir='ltr'>bari</span> <span class='ocrx_word' id='word_1_151' title='bbox 152 666 175 677; x_wconf 84' lang='lat' dir='ltr'>ex</span> <span class='ocrx_word' id='word_1_152' title='bbox 183 661 251 682; x_wconf 88' lang='lat' dir='ltr'>antiqua</span> <span class='ocrx_word' id='word_1_153' title='bbox 259 661 326 681; x_wconf 76' lang='lat' dir='ltr'>liturgia</span> <span class='ocrx_word' id='word_1_154' title='bbox 335 661 427 677; x_wconf 66' lang='lat' dir='ltr'>Romana,n</span> <span class='ocrx_word' id='word_1_155' title='bbox 443 661 462 677; x_wconf 85' lang='lat' dir='ltr'>In</span> <span class='ocrx_word' id='word_1_156' title='bbox 471 661 502 677; x_wconf 82' lang='lat' dir='ltr'>hac</span> <span class='ocrx_word' id='word_1_157' title='bbox 510 663 566 677; x_wconf 88' lang='lat' dir='ltr'>autem</span> <span class='ocrx_word' id='word_1_158' title='bbox 575 661 691 682; x_wconf 83' lang='lat' dir='ltr'>antiquissima</span> 
     </span>
     <span class='ocr_line' id='line_1_23' title="bbox 111 686 613 708; baseline 0 -5"><span class='ocrx_word' id='word_1_159' title='bbox 111 687 186 703; x_wconf 84' lang='lat' dir='ltr'>oratione</span> <span class='ocrx_word' id='word_1_160' title='bbox 194 692 214 703; x_wconf 87' lang='lat' dir='ltr'>ne</span> <span class='ocrx_word' id='word_1_161' title='bbox 222 687 273 703; x_wconf 84' lang='lat' dir='ltr'>verbo</span> <span class='ocrx_word' id='word_1_162' title='bbox 281 687 348 708; x_wconf 87' lang='lat' dir='ltr'>quidem</span> <span class='ocrx_word' id='word_1_163' title='bbox 357 687 440 703; x_wconf 82' lang='lat' dir='ltr'>indicatur</span> <span class='ocrx_word' id='word_1_164' title='bbox 448 689 522 707; x_wconf 82' lang='lat' dir='ltr'>potestas</span> <span class='ocrx_word' id='word_1_165' title='bbox 529 686 613 703; x_wconf 78' lang='lat' dir='ltr'>offerendi.</span> 
     </span>
    </p>

    <p class='ocr_par' dir='ltr' id='par_1_5' title="bbox 111 713 690 760">
     <span class='ocr_line' id='line_1_24' title="bbox 144 713 690 734; baseline 0 -5"><span class='ocrx_word' id='word_1_166' title='bbox 144 713 194 729; x_wconf 85' lang='lat' dir='ltr'>Cadit</span> <span class='ocrx_word' id='word_1_167' title='bbox 202 713 283 734; x_wconf 81' lang='lat' dir='ltr'>quaestio.</span> <span class='ocrx_word' id='word_1_168' title='bbox 304 713 421 734; x_wconf 84' lang='lat' dir='ltr'>Nequicquam</span> <span class='ocrx_word' id='word_1_169' title='bbox 429 713 517 734; x_wconf 81' lang='lat' dir='ltr'>requiritur</span> <span class='ocrx_word' id='word_1_170' title='bbox 525 715 543 729; x_wconf 93' lang='lat' dir='ltr'>ut</span> <span class='ocrx_word' id='word_1_171' title='bbox 551 713 567 729; x_wconf 88' lang='lat' dir='ltr'>in</span> <span class='ocrx_word' id='word_1_172' title='bbox 576 713 628 729; x_wconf 79' lang='lat' dir='ltr'>forma</span> <span class='ocrx_word' id='word_1_173' title='bbox 636 718 690 729; x_wconf 80' lang='lat' dir='ltr'>sacra-</span> 
     </span>
     <span class='ocr_line' id='line_1_25' title="bbox 111 739 457 760; baseline 0 -5"><span class='ocrx_word' id='word_1_174' title='bbox 111 739 163 755; x_wconf 84' lang='lat' dir='ltr'>menti</span> <span class='ocrx_word' id='word_1_175' title='bbox 171 741 246 760; x_wconf 77' lang='lat' dir='ltr'>potestas</span> <span class='ocrx_word' id='word_1_176' title='bbox 254 739 334 755; x_wconf 79' lang='lat' dir='ltr'>offerendi</span> <span class='ocrx_word' id='word_1_177' title='bbox 343 741 444 755; x_wconf 87' lang='lat' dir='ltr'>memoretur</span> <span class='ocrx_word' id='word_1_178' title='bbox 448 739 457 755; x_wconf 80' lang='lat'>⁵.</span> 
     </span>
    </p>
   </div>
   <div class='ocr_carea' id='block_1_3' title="bbox 121 786 679 807">
    <p class='ocr_par' dir='ltr' id='par_1_6' title="bbox 121 786 679 807">
     <span class='ocr_line' id='line_1_26' title="bbox 121 786 679 807; baseline 0.002 -5"><span class='ocrx_word' id='word_1_179' title='bbox 121 786 144 807; x_wconf 84' lang='lat' dir='ltr'>(c)</span> <span class='ocrx_word' id='word_1_180' title='bbox 166 786 192 802; x_wconf 81' lang='lat' dir='ltr'>De</span> <span class='ocrx_word' id='word_1_181' title='bbox 202 786 276 802; x_wconf 81' lang='lat' dir='ltr'>doctrina</span> <span class='ocrx_word' id='word_1_182' title='bbox 287 786 417 807; x_wconf 62' lang='lat' dir='ltr'>Anglnkanorum</span> <span class='ocrx_word' id='word_1_183' title='bbox 428 786 471 802; x_wconf 76' lang='lat' dir='ltr'>circa</span> <span class='ocrx_word' id='word_1_184' title='bbox 482 786 549 802; x_wconf 77' lang='lat' dir='ltr'>Realem</span> <span class='ocrx_word' id='word_1_185' title='bbox 560 786 679 803; x_wconf 67' lang='lat' dir='ltr'>Pracsentiszm.</span> 
     </span>
    </p>
   </div>
   <div class='ocr_carea' id='block_1_4' title="bbox 110 824 691 1083">
    <p class='ocr_par' dir='ltr' id='par_1_7' title="bbox 110 824 691 971">
     <span class='ocr_line' id='line_1_27' title="bbox 144 824 690 846; baseline 0.002 -6"><span class='ocrx_word' id='word_1_186' title='bbox 144 824 180 841; x_wconf 81' lang='lat'>178.</span> <span class='ocrx_word' id='word_1_187' title='bbox 203 824 232 840; x_wconf 85' lang='lat' dir='ltr'>Ad</span> <span class='ocrx_word' id='word_1_188' title='bbox 238 825 305 841; x_wconf 81' lang='lat' dir='ltr'>tertiam</span> <span class='ocrx_word' id='word_1_189' title='bbox 312 825 422 841; x_wconf 71' lang='lat' dir='ltr'>abiectionem</span> <span class='ocrx_word' id='word_1_190' title='bbox 429 830 522 846; x_wconf 81' lang='lat' dir='ltr'>pergarnus.</span> <span class='ocrx_word' id='word_1_191' title='bbox 538 825 624 841; x_wconf 83' lang='lat' dir='ltr'>“Ecclesia</span> <span class='ocrx_word' id='word_1_192' title='bbox 632 825 690 846; x_wconf 80' lang='lat' dir='ltr'>Angli-</span> 
     </span>
     <span class='ocr_line' id='line_1_28' title="bbox 111 850 691 872; baseline 0.002 -6"><span class='ocrx_word' id='word_1_193' title='bbox 111 850 166 870; x_wconf 73' lang='lat' dir='ltr'>cana,&#39;¹</span> <span class='ocrx_word' id='word_1_194' title='bbox 174 850 221 866; x_wconf 87' lang='lat' dir='ltr'>aiunt</span> <span class='ocrx_word' id='word_1_195' title='bbox 232 850 328 870; x_wconf 83' lang='lat' dir='ltr'>obiectores,</span> <span class='ocrx_word' id='word_1_196' title='bbox 336 852 344 859; x_wconf 87' lang='lat'>‘¹</span> <span class='ocrx_word' id='word_1_197' title='bbox 350 853 400 871; x_wconf 85' lang='lat' dir='ltr'>negat</span> <span class='ocrx_word' id='word_1_198' title='bbox 410 851 480 867; x_wconf 83' lang='lat' dir='ltr'>Realern</span> <span class='ocrx_word' id='word_1_199' title='bbox 491 851 603 867; x_wconf 81' lang='lat' dir='ltr'>Praesentiam</span> <span class='ocrx_word' id='word_1_200' title='bbox 612 851 691 872; x_wconf 87' lang='lat' dir='ltr'>Corporis</span> 
     </span>
     <span class='ocr_line' id='line_1_29' title="bbox 111 876 690 896; baseline 0.002 -4"><span class='ocrx_word' id='word_1_201' title='bbox 111 876 173 892; x_wconf 85' lang='lat' dir='ltr'>Christi</span> <span class='ocrx_word' id='word_1_202' title='bbox 184 876 201 892; x_wconf 88' lang='lat' dir='ltr'>in</span> <span class='ocrx_word' id='word_1_203' title='bbox 212 876 228 892; x_wconf 69' lang='lat' dir='ltr'>S⁴</span> <span class='ocrx_word' id='word_1_204' title='bbox 241 876 349 893; x_wconf 86' lang='lat' dir='ltr'>Eucharistia.</span> <span class='ocrx_word' id='word_1_205' title='bbox 371 876 395 892; x_wconf 87' lang='lat' dir='ltr'>At</span> <span class='ocrx_word' id='word_1_206' title='bbox 407 877 420 892; x_wconf 87' lang='lat' dir='ltr'>si</span> <span class='ocrx_word' id='word_1_207' title='bbox 432 876 477 892; x_wconf 88' lang='lat' dir='ltr'>nulla</span> <span class='ocrx_word' id='word_1_208' title='bbox 489 877 510 893; x_wconf 85' lang='lat' dir='ltr'>sit</span> <span class='ocrx_word' id='word_1_209' title='bbox 522 877 579 893; x_wconf 80' lang='lat' dir='ltr'>Realis</span> <span class='ocrx_word' id='word_1_210' title='bbox 590 877 690 896; x_wconf 84' lang='lat' dir='ltr'>Praesentia,</span> 
     </span>
     <span class='ocr_line' id='line_1_30' title="bbox 111 902 690 922; baseline 0.002 -4"><span class='ocrx_word' id='word_1_211' title='bbox 111 902 175 918; x_wconf 91' lang='lat' dir='ltr'>nullum</span> <span class='ocrx_word' id='word_1_212' title='bbox 191 904 216 918; x_wconf 90' lang='lat' dir='ltr'>est</span> <span class='ocrx_word' id='word_1_213' title='bbox 231 902 340 922; x_wconf 84' lang='lat' dir='ltr'>sacrificium;</span> <span class='ocrx_word' id='word_1_214' title='bbox 359 902 372 918; x_wconf 85' lang='lat' dir='ltr'>si</span> <span class='ocrx_word' id='word_1_215' title='bbox 388 902 452 918; x_wconf 90' lang='lat' dir='ltr'>nullum</span> <span class='ocrx_word' id='word_1_216' title='bbox 468 903 489 919; x_wconf 92' lang='lat' dir='ltr'>sit</span> <span class='ocrx_word' id='word_1_217' title='bbox 508 903 611 922; x_wconf 83' lang='lat' dir='ltr'>sacrificium,</span> <span class='ocrx_word' id='word_1_218' title='bbox 626 903 690 919; x_wconf 89' lang='lat' dir='ltr'>nullum</span> 
     </span>
     <span class='ocr_line' id='line_1_31' title="bbox 110 928 690 950; baseline 0.002 -6"><span class='ocrx_word' id='word_1_219' title='bbox 110 928 227 944; x_wconf 85' lang='lat' dir='ltr'>sacerdotium.</span> <span class='ocrx_word' id='word_1_220' title='bbox 263 928 308 948; x_wconf 79' lang='lat' dir='ltr'>Ergo</span> <span class='ocrx_word' id='word_1_221' title='bbox 331 928 407 944; x_wconf 87' lang='lat' dir='ltr'>Ecclesia</span> <span class='ocrx_word' id='word_1_222' title='bbox 427 928 522 949; x_wconf 79' lang='lat' dir='ltr'>Anglicana</span> <span class='ocrx_word' id='word_1_223' title='bbox 543 929 623 950; x_wconf 84' lang='lat' dir='ltr'>implicite</span> <span class='ocrx_word' id='word_1_224' title='bbox 644 929 690 945; x_wconf 83' lang='lat' dir='ltr'>reicit</span> 
     </span>
     <span class='ocr_line' id='line_1_32' title="bbox 110 954 542 971; baseline 0 -1"><span class='ocrx_word' id='word_1_225' title='bbox 110 954 223 970; x_wconf 82' lang='lat' dir='ltr'>sacerdotium</span> <span class='ocrx_word' id='word_1_226' title='bbox 235 959 266 970; x_wconf 81' lang='lat' dir='ltr'>nec</span> <span class='ocrx_word' id='word_1_227' title='bbox 277 954 371 970; x_wconf 83' lang='lat' dir='ltr'>sacerdotes</span> <span class='ocrx_word' id='word_1_228' title='bbox 383 954 437 970; x_wconf 77' lang='lat' dir='ltr'>facere</span> <span class='ocrx_word' id='word_1_229' title='bbox 448 954 542 971; x_wconf 78' lang='lat' dir='ltr'>intendit¹.’¹</span> 
     </span>
    </p>

    <p class='ocr_par' dir='ltr' id='par_1_8' title="bbox 110 979 691 1027">
     <span class='ocr_line' id='line_1_33' title="bbox 144 979 691 1001; baseline 0.004 -6"><span class='ocrx_word' id='word_1_230' title='bbox 144 980 180 997; x_wconf 77' lang='grc'><strong>179.</strong></span> <span class='ocrx_word' id='word_1_231' title='bbox 203 979 249 1000; x_wconf 84' lang='lat' dir='ltr'>Quid</span> <span class='ocrx_word' id='word_1_232' title='bbox 260 980 311 1000; x_wconf 79' lang='lat' dir='ltr'>ergo?</span> <span class='ocrx_word' id='word_1_233' title='bbox 334 980 413 1000; x_wconf 80' lang='lat' dir='ltr'>Episcopi</span> <span class='ocrx_word' id='word_1_234' title='bbox 425 980 446 996; x_wconf 90' lang='lat' dir='ltr'>ad</span> <span class='ocrx_word' id='word_1_235' title='bbox 455 982 528 996; x_wconf 84' lang='lat' dir='ltr'>mentem</span> <span class='ocrx_word' id='word_1_236' title='bbox 537 980 622 997; x_wconf 81' lang='lat' dir='ltr'>Ecclesiae</span> <span class='ocrx_word' id='word_1_237' title='bbox 630 981 691 1001; x_wconf 82' lang='lat' dir='ltr'>Angli-</span> 
     </span>
     <span class='ocr_line' id='line_1_34' title="bbox 110 1006 691 1027; baseline 0.002 -5"><span class='ocrx_word' id='word_1_238' title='bbox 110 1012 163 1023; x_wconf 79' lang='lat' dir='ltr'>canae</span> <span class='ocrx_word' id='word_1_239' title='bbox 174 1006 267 1022; x_wconf 87' lang='lat' dir='ltr'>ordinantis</span> <span class='ocrx_word' id='word_1_240' title='bbox 279 1006 349 1022; x_wconf 88' lang='lat' dir='ltr'>intentio</span> <span class='ocrx_word' id='word_1_241' title='bbox 361 1006 466 1027; x_wconf 86' lang='lat' dir='ltr'>depravatur.</span> <span class='ocrx_word' id='word_1_242' title='bbox 490 1006 536 1022; x_wconf 86' lang='lat' dir='ltr'>Num</span> <span class='ocrx_word' id='word_1_243' title='bbox 547 1012 585 1023; x_wconf 79' lang='lat' dir='ltr'>vero</span> <span class='ocrx_word' id='word_1_244' title='bbox 596 1007 628 1023; x_wconf 86' lang='lat' dir='ltr'>ista</span> <span class='ocrx_word' id='word_1_245' title='bbox 638 1007 691 1023; x_wconf 81' lang='lat' dir='ltr'>illatio</span> 
     </span>
    </p>

    <p class='ocr_par' dir='ltr' id='par_1_9' title="bbox 135 1046 223 1062">
     <span class='ocr_line' id='line_1_35' title="bbox 135 1046 223 1062; baseline -0.011 -3"><span class='ocrx_word' id='word_1_246' title='bbox 135 1046 141 1054; x_wconf 78' lang='lat'><em>¹</em></span> <span class='ocrx_word' id='word_1_247' title='bbox 149 1046 167 1059; x_wconf 63' lang='lat' dir='ltr'>a.</span> <span class='ocrx_word' id='word_1_248' title='bbox 174 1050 188 1062; x_wconf 74' lang='lat' dir='ltr'>p.</span> <span class='ocrx_word' id='word_1_249' title='bbox 194 1050 223 1062; x_wconf 73' lang='lat'>³³¹-</span> 
     </span>
    </p>

    <p class='ocr_par' dir='ltr' id='par_1_10' title="bbox 134 1066 690 1083">
     <span class='ocr_line' id='line_1_36' title="bbox 134 1066 690 1083; baseline 0.002 -4"><span class='ocrx_word' id='word_1_250' title='bbox 134 1066 140 1074; x_wconf 88' lang='lat'><strong>¹</strong></span> <span class='ocrx_word' id='word_1_251' title='bbox 148 1067 200 1079; x_wconf 66' lang='lat' dir='ltr'>nmur</span> <span class='ocrx_word' id='word_1_252' title='bbox 206 1066 264 1079; x_wconf 52' lang='lat' dir='ltr'>saum-m</span> <span class='ocrx_word' id='word_1_253' title='bbox 271 1066 294 1082; x_wconf 69' lang='lat' dir='ltr'>(ap.</span> <span class='ocrx_word' id='word_1_254' title='bbox 300 1066 320 1079; x_wconf 68' lang='lat'>21¹1.</span> <span class='ocrx_word' id='word_1_255' title='bbox 326 1070 338 1082; x_wconf 75' lang='lat' dir='ltr'>p.</span> <span class='ocrx_word' id='word_1_256' title='bbox 347 1066 375 1082; x_wconf 60' lang='lat'><strong>¹⁶⁴)</strong></span> <span class='ocrx_word' id='word_1_257' title='bbox 381 1066 462 1083; x_wconf 72' lang='lat' dir='ltr'>msponsioue</span> <span class='ocrx_word' id='word_1_258' title='bbox 467 1067 484 1079; x_wconf 68' lang='lat' dir='ltr'>de</span> <span class='ocrx_word' id='word_1_259' title='bbox 491 1066 592 1079; x_wconf 60' lang='lat' dir='ltr'>oms-mmmm</span> <span class='ocrx_word' id='word_1_260' title='bbox 599 1067 690 1083; x_wconf 65' lang='lat' dir='ltr'>Abysinomm</span> 
     </span>
    </p>
   </div>
   <div class='ocr_carea' id='block_1_5' title="bbox 109 1086 465 1124">
    <p class='ocr_par' dir='ltr' id='par_1_11' title="bbox 109 1086 465 1124">
     <span class='ocr_line' id='line_1_37' title="bbox 109 1086 465 1103; baseline 0 -4"><span class='ocrx_word' id='word_1_261' title='bbox 109 1087 140 1100; x_wconf 66' lang='lat' dir='ltr'>am</span> <span class='ocrx_word' id='word_1_262' title='bbox 146 1087 180 1103; x_wconf 63' lang='lat' dir='ltr'>(vide</span> <span class='ocrx_word' id='word_1_263' title='bbox 186 1086 215 1099; x_wconf 65' lang='lat' dir='ltr'>inex.</span> <span class='ocrx_word' id='word_1_264' title='bbox 222 1090 235 1099; x_wconf 79' lang='lat' dir='ltr'>n.</span> <span class='ocrx_word' id='word_1_265' title='bbox 241 1086 270 1102; x_wconf 65' lang='grc' dir='ltr'>ωε)</span> <span class='ocrx_word' id='word_1_266' title='bbox 276 1086 331 1103; x_wconf 69' lang='lat' dir='ltr'>praecidi</span> <span class='ocrx_word' id='word_1_267' title='bbox 337 1086 370 1099; x_wconf 72' lang='lat' dir='ltr'>hmo</span> <span class='ocrx_word' id='word_1_268' title='bbox 375 1086 465 1100; x_wconf 47' lang='lat' dir='ltr'>obice-soum.</span> 
     </span>
     <span class='ocr_line' id='line_1_38' title="bbox 136 1107 341 1124; baseline -0.005 -4"><span class='ocrx_word' id='word_1_269' title='bbox 136 1108 141 1116; x_wconf 86' lang='lat'>¹</span> <span class='ocrx_word' id='word_1_270' title='bbox 150 1108 183 1120; x_wconf 63' lang='lat' dir='ltr'>Vide</span> <span class='ocrx_word' id='word_1_271' title='bbox 189 1107 243 1123; x_wconf 65' lang='lat' dir='ltr'>naim-2,</span> <span class='ocrx_word' id='word_1_272' title='bbox 249 1109 268 1124; x_wconf 75' lang='lat' dir='ltr'>op.</span> <span class='ocrx_word' id='word_1_273' title='bbox 274 1108 295 1120; x_wconf 75' lang='lat' dir='ltr'>m.</span> <span class='ocrx_word' id='word_1_274' title='bbox 301 1111 314 1124; x_wconf 78' lang='lat' dir='ltr'>p.</span> <span class='ocrx_word' id='word_1_275' title='bbox 321 1111 341 1120; x_wconf 62' lang='grc' dir='ltr'>ω.</span> 
     </span>
    </p>
   </div>
  </div>
 </body>
</html>
