794 1248
126 98 157 114 124
292 97 330 110 ΕΑΡ.
342 97 358 110 V.
381 97 406 110 DE
417 97 539 110 SACERmTw.

123 136 151 152 alii
164 136 181 152 in
193 141 237 152 novo
249 141 299 153 sensu
312 136 400 153 verborum
413 136 515 153 haesitantes
527 141 565 152 earn
578 138 659 157 tanquam
674 136 703 152 ab.

123 162 191 178 surdam
203 163 290 179 temerarie
301 163 396 179 reiecerunt.
419 162 501 179 Attamen
514 167 545 178 nec
556 162 638 178 Wieleffio
649 167 703 183 neque

123 188 221 204 adversariis
236 189 276 208 eius,
290 194 328 204 curn
344 188 372 205 ille
386 188 486 205 desitionem
502 188 606 204 substantiae
621 188 669 209 panis
684 193 704 204 ea

123 214 187 230 ratione
206 217 274 235 negaret
293 215 338 235 quod
357 219 379 231 ne
394 215 441 230 Deus
456 214 524 235 quidem
540 214 562 230 de
579 214 655 235 potentia
673 219 704 230 sua

123 240 200 257 absoluta
213 243 270 262 posset
283 241 337 257 faeere
349 243 368 257 ut
381 241 397 256 in
413 243 519 257 sacramento
534 240 591 256 altaris
605 242 661 256 essent
677 245 703 255 ac-

123 266 196 282 cidentia
212 267 248 283 sine
263 267 343 285 subiecto,
358 266 374 282 hi
390 271 430 282 vero
445 266 494 282 istam
510 266 607 287 opinionem
622 268 702 287 tanquam

123 292 224 308 haereticam
240 293 340 309 abolendam
356 297 392 308 esse
407 295 498 311 censerent,
513 292 597 308 credimus
611 292 704 308 innotuisse

123 319 169 339 quod
180 324 213 335 non
224 319 283 335 eadem
294 318 386 334 substantia
396 318 428 334 sibi
440 318 456 334 in
467 318 566 339 quaestione
576 320 612 334 erat
622 320 673 338 atque
684 322 704 333 ea

124 349 175 365 quarn
188 344 264 361 definitio
279 344 344 360 concilii
360 344 376 360 in
390 344 494 360 conficiendo
509 346 615 360 sacramento
630 343 703 360 converti

125 370 208 386 docuerat
231 371 265 386 Diu
276 370 403 391 ingravescebat
413 370 445 386 ista
455 370 540 389 consusio;
551 372 603 390 atque
611 370 627 385 in
636 369 704 390 Anglia,

124 398 183 416 utpote
191 401 234 417 quae
242 401 316 412 errorum
325 396 490 412 Nominalistioorum
500 396 601 412 feracissima
609 395 640 412 suit
651 395 704 415 tellus,

124 422 168 438 adeo
175 422 268 443 praevaluit
274 425 292 438 ut
300 423 316 438 in
323 422 387 443 vulgari
393 422 460 443 eloquio
466 422 566 438 vocabulum
572 422 655 438 substance
660 422 704 438 idem

125 448 159 464 fere
165 452 213 464 sonet
218 448 263 469 quod
269 448 428 464 materiasmibilzzv.
443 448 502 469 ltaque
507 448 560 469 Angli
565 448 615 464 etiarn
622 448 705 464 doctiores

124 479 154 495 per
172 474 376 491 transsubstantiationem
396 474 512 495 intelligebant
528 474 606 490 materiae
624 474 705 490 sensibilis

125 500 241 519 mutationem,
252 505 296 521 quae
307 502 364 516 tamen
376 499 476 516 miraculoso
488 500 562 521 quodam
574 500 661 516 oculorum
675 500 704 515 ub-

125 527 172 541 tentu
181 525 235 541 velata
246 525 292 541 foret.
316 525 371 546 Quam
382 525 405 541 ob
416 530 450 541 rem
461 525 547 544 Cranmer,
555 525 635 544 Ridleius,
643 525 705 545 aliique

125 551 225 567 desitionem
233 551 337 567 substantiae
345 551 393 571 panis
404 553 471 567 strenue
482 551 571 572 negabant,
582 551 644 572 quippe
654 556 704 571 quarn

125 577 224 592 desitionem
235 582 272 592 esse
282 579 360 597 putarent
370 577 422 593 totius
433 577 513 593 realitatis
524 577 540 592 in
551 582 584 597 qua
595 577 706 593 constituatur

126 608 164 623 pars
172 605 243 618 externa
251 603 356 618 sacramenti.
376 602 414 618 Hoc
422 603 467 618 enim
473 607 522 618 sensu
529 602 617 619 Cranmer¹
625 607 705 623 expresse

125 629 190 645 monuit
198 634 227 650 per
235 629 438 645 transsubstantiationem
447 629 516 644 indicari
523 628 585 645 Christi
594 629 705 649 praesentiam

125 655 141 670 in
150 657 255 670 sacramento
262 655 324 670 realem
332 657 349 670 et
356 654 450 673 sensualem,
455 657 472 670 et
477 654 606 670 substantiarum
615 654 705 670 visibilium

125 680 324 696 transsubstantiationem
336 681 438 701 perstrinxit
462 681 500 696 Hoc
511 686 561 696 sensu
573 683 590 697 et
602 681 618 697 in
631 681 706 697 Rubrica

126 706 179 727 Nigra
190 706 268 722 asseritur
279 706 422 722 Sacramentalem
434 706 496 722 Panem
507 709 523 722 et
536 707 598 722 Vinum
610 707 626 722 in
638 712 705 723 suarum

126 732 227 753 proprietate
238 732 369 748 substantiarum
381 732 492 748 naturalium*
502 737 604 753 permanere,
628 733 706 753 Denique

125 760 143 774 et
149 758 165 774 in
172 758 249 774 Articuio
254 763 304 779 quem
310 760 402 774 tractamus
408 759 612 774 transsubstantiationem
618 758 650 774 hoc
656 764 706 774 sensu

126 784 220 805 impugnari
234 784 328 800 evidentius
340 783 369 800 fiet
382 789 405 800 ex
418 784 470 804 ipsius
482 784 554 800 auctoris
567 784 642 805 epistola,
654 789 706 805 quam

126 810 177 831 paulo
192 810 259 826 inferius
273 810 366 828 reseremus,
379 810 407 831 qui
421 815 493 826 crassam
507 813 573 826 tantum
587 813 604 826 et
615 810 705 826 sensibilam

126 836 237 857 praesentiam
249 836 311 852 Christi
324 836 403 856 Corporis
414 836 538 852 excludendam
550 841 586 852 esse
598 838 673 852 testatur.

159 861 195 878 187.
218 862 308 878 Rationem
316 862 426 882 exposuimus
434 867 468 882 qua
478 862 576 882 negationes
587 861 658 878 Articuli
667 867 704 878 cum

126 888 203 904 doctrina
217 887 318 904 Catechismi
332 888 403 908 positiva
417 888 438 903 de
453 887 500 903 Reali
515 888 611 904 Praesentia
622 888 705 904 conciliari

126 914 203 930 debeant.
227 913 288 929 Restat
295 916 352 929 autem
361 916 379 929 ut
387 914 457 930 dubium
466 914 551 934 quoddam
560 914 582 930 de
590 916 649 930 natura
656 914 706 930 huius

127 940 184 956 Realis
196 939 301 955 Praesentiae
312 939 400 955 diluamus.
425 939 488 955 Notum
500 942 525 955 est
536 940 586 956 etiam
599 940 706 956 Calvinianos

127 965 212 987 quandam
223 970 296 981 asserere
307 965 323 981 in
332 965 441 981 Sacramento
450 966 520 982 Realem
529 966 646 984 Praesentiam,
654 971 705 986 quarn

127 994 183 1008 tamen
203 991 219 1007 in
240 991 275 1007 sola
296 991 382 1011 spirituali
403 991 526 1007 manducatione
548 991 626 1012 Corporis
644 991 705 1008 Christi

126 1019 196 1038 ponunt.
219 1017 294 1033 Istamne
310 1017 407 1038 opinionem
425 1017 469 1038 sapit
488 1017 515 1033 hic
534 1020 591 1033 noster
607 1017 706 1033 Articulus?

151 1064 156 1072 ¹
165 1064 235 1077 enumera
241 1064 292 1078 Workr.
298 1064 328 1077 erm.
334 1063 383 1076 Purher
387 1063 437 1079 επακ»
455 1064 484 1076 ναι,
490 1064 498 1076 i.
505 1068 517 1080 μ
525 1063 553 1080 326.

151 1084 157 1092 ¹
165 1085 204 1097 “The
216 1085 301 1098 sicnmenui
314 1085 354 1097 uma
365 1085 390 1097 and
405 1084 442 1097 wine
454 1085 500 1097 amun
511 1085 536 1097 suu
548 1085 561 1097 in
574 1085 606 1097 meir
617 1088 646 1101 very
657 1085 707 1097 anmi

127 1106 213 1118 subim5.”
