794 1248
282 103 307 115 DE
318 103 375 116 Rmu
387 103 509 116 PRAESENTIA.
653 105 681 117 121

136 141 172 158 183.
194 142 251 158 Verba
269 147 312 163 quae
331 142 347 158 in
367 142 432 159 rubrica
451 142 472 159 de
491 143 585 164 praesentia
603 143 683 164 Corporis

104 167 166 184 Christi
179 173 223 184 nunc
236 168 319 189 leguntur,
334 173 411 189 quaeque
426 169 462 185 sola
479 169 578 185 auctoritate
597 169 683 185 Ecclesiae

104 193 209 214 Anglicanae
222 194 323 213 sanciuntur,
337 195 370 210 iam
383 194 489 210 orthodoxae
503 194 542 210 fidei
555 194 595 210 satis
609 199 683 215 cong-rua

104 225 141 236 esse
151 223 224 241 apparet.
247 220 298 241 Quod
309 220 322 236 si
333 221 370 241 quis
381 220 397 236 in
409 220 471 236 ultimis
480 220 555 236 rubricae
562 220 617 236 verbis
625 220 683 236 haese-

104 245 156 261 n‘t—“
162 245 226 262 Chn‘sti
238 246 332 262 Salvatoris
345 246 398 262 nostri
412 246 488 262 naturale
500 246 566 266 eomas,
577 249 593 262 et
604 246 683 267 Sanguis.

104 276 135 287 non
146 271 176 291 hic,
186 272 216 288 sed
226 272 243 288 in
254 272 296 288 caelo
306 274 356 288 sunt:
371 272 447 288 »murale
456 272 500 288 enim
514 271 578 288 Christi
591 271 651 292 Corpus
665 272 683 288 in

103 297 165 313 duobus
171 298 224 314 simul
229 298 267 314 locis
272 298 360 317 consistere,
365 298 413 314 salva
418 298 453 314 eius
458 298 531 317 veritate,
536 298 571 314 dici
575 303 606 314 nan
611 300 663 319 potest
667 297 683 307 ¹”

103 323 158 339 —ista
165 323 240 340 conferat
247 329 291 345 quae
298 324 339 340 dicit
347 324 364 340 S.
373 324 448 340 Thomas
455 324 481 344 (in
489 323 534 340 Sem.
542 324 564 340 iv.
571 324 609 340 disti
618 329 634 340 x.
645 328 651 340 1
660 323 682 340 ad

105 349 127 370 5);
139 349 222 365 “Nullum
235 355 296 370 corpus
308 352 415 370 comparatur
427 350 449 366 ad
461 350 516 366 locum
528 350 559 366 nisi
570 350 683 366 mediantibus

104 376 236 392 dimensionibus
249 376 359 397 quantitatis:
376 378 393 392 et
407 376 429 392 ibi
443 381 503 397 corpus
515 379 540 392 est
554 376 622 397 aliquod
636 379 654 392 ut
666 376 682 392 in

104 401 145 421 loen,
159 402 186 418 ubi
202 405 359 418 commensurantur
373 403 486 418 dimensiones
502 403 537 418 eius
550 402 682 419 dimensionibus

103 427 145 446 loei;
161 430 178 444 et
189 428 282 444 secundum
293 428 325 444 hoc
337 428 402 449 Corpus
414 428 475 445 Christi
489 433 522 444 non
536 431 562 444 est
575 428 606 444 nisi
620 428 637 445 in
648 433 683 445 uno

103 453 141 469 loco
148 456 219 473 tantum,
226 454 290 471 scilicet
297 455 314 470 in
324 454 384 470 caeloff'
407 454 518 471 Conferantur
528 456 545 470 et
553 454 604 470 verba
612 454 682 471 Concilii

104 479 198 495 Tridentini
208 480 252 500 (sess.
261 480 298 496 xiii,
308 485 320 496 c.
332 480 356 500 3):
367 480 442 501 “Neque
453 480 499 496 enim
509 480 551 496 haec
562 480 604 496 inter
611 485 630 496 se
641 485 683 501 pug-

104 508 145 521 nant
159 507 177 521 ut
190 506 226 526 ipse
239 505 318 522 Salvator
331 508 387 522 noster
401 506 422 522 ad
436 506 514 522 dextram
531 506 584 522 Patris
599 506 616 521 in
631 506 682 522 caelis

103 531 177 547 assideat
196 532 244 548 iuxta
259 532 328 548 modum
347 532 431 548 existendi
447 532 545 551 naturalem,
559 534 576 548 et
591 534 610 548 ut
625 532 683 548 multis

104 556 211 573 nihilominus
224 557 261 573 aliis
275 558 291 573 in
305 557 345 573 locis
359 557 502 574 sacramentaliter
512 562 591 579 praesens
602 563 632 573 sua
643 557 682 573 sub-

103 583 166 599 stantia
179 583 227 599 nobis
240 583 289 603 adsit,
302 588 322 599 ea
335 583 420 599 existendi
436 584 504 602 ratione,
517 588 569 604 quam
584 584 614 599 etsi
628 583 682 599 verbis

103 609 198 630 exprimere
208 609 237 626 vix
248 614 341 630 possumuS,
349 609 446 630 possibilem
456 612 513 626 tamen
525 615 560 626 esse
571 609 609 626 Deo
619 610 682 630 cogita-

103 635 150 651 tione
157 641 187 656 per
195 635 245 651 fidem
256 636 339 652 illustrata
346 636 413 656 assequi
424 641 512 656 possumus
523 638 540 651 et
548 636 683 652 constantissime

103 661 171 677 credere
181 661 275 677 debemus”
298 661 343 682 Quid
354 661 423 677 tandem
436 663 487 677 restat
499 663 517 677 ut
528 666 595 677 sensum
608 661 683 677 rubricae

103 687 218 703 orthodoxum
226 692 262 703 esse
270 687 372 708 probemus?

137 713 172 729 184.
195 712 235 728 Alia
243 713 326 734 quaedam
334 713 356 729 ad
364 713 435 729 eandem
444 713 532 729 haereseos
540 713 682 729 insimulationem

103 743 126 754 ex
137 738 217 755 Articulis
228 739 321 760 Religionis
328 744 374 755 anno
386 740 427 759 1562
439 739 511 755 redactis
518 739 613 755 afferuntur.
636 739 682 760 Quo-

104 769 140 780 rum
148 765 165 780 in
174 765 234 781 xxviii⁰
242 765 265 781 ita
273 765 344 786 legimus
349 766 384 781 :—¹¹
390 765 440 781 Panis
450 768 467 782 et
475 765 509 781 vini
517 765 683 781 transsubstantiatio

103 790 120 806 in
137 790 242 807 Eucharistia
256 796 278 807 ex
294 791 344 807 sacris
360 791 419 807 litteris
434 791 501 812 probari
517 796 550 806 non
566 793 632 811 potest;
651 791 680 807 sed

103 817 165 837 apertis
184 817 280 838 Scripturae
295 817 349 833 verbis
368 817 470 836 adversatur,
485 817 585 833 sacramenti
605 819 682 833 naturam

103 843 167 862 evertit,
175 845 191 859 et
202 843 293 859 multarum
303 843 440 864 superstitionum
450 843 498 859 dedit
508 843 618 859 occasionem*
642 842 683 859 Cor-

103 874 135 890 pus
146 869 207 885 Christi
218 869 273 889 datur,
280 869 361 890 accipitur
370 872 388 886 et
399 869 510 885 manducatur
520 869 537 885 in
547 869 605 885 Coena
615 871 682 885 tantum

103 894 171 911 caelesti
184 898 201 911 et
214 895 295 916 spirituali
310 895 378 911 ratione.
401 895 477 911 Medium
492 897 555 914 autem,
567 900 602 916 quo
616 895 683 916 Corpus

104 921 166 937 Christi
181 921 262 942 accipitur
273 923 291 937 et
306 921 417 937 manducatur
430 921 446 937 in
459 921 521 939 Coena,
534 920 575 937 fides
590 921 628 937 est.'¹
652 921 683 937 Per

103 946 145 963 haec
158 949 215 963 autem
225 947 277 963 verba
290 947 359 963 minime
372 947 429 968 negari
441 947 511 963 Realem
523 946 636 963 Praesentiam
648 951 682 962 non

103 977 175 993 magnae
186 973 234 989 molis
245 973 277 989 erit
287 973 379 989 ostendere.

136 998 172 1015 28³.
195 998 260 1015 Idcirco
268 999 361 1015 notandum
369 1001 395 1014 est
403 998 448 1019 quod
454 998 620 1014 transsubstantiatio
627 1003 683 1014 sacra-

127 1047 131 1055 ¹
140 1048 179 1061 “The
185 1048 233 1061 natural
240 1048 276 1064 Bady
281 1048 306 1060 and
312 1048 354 1060 moed
359 1047 374 1060 os
381 1051 404 1060 our
410 1047 463 1060 Snvimu
469 1047 511 1059 Chrixt
517 1050 539 1059 nte
544 1046 558 1059 lu
564 1046 622 1062 Ham,
628 1047 653 1059 and
659 1048 682 1059 not

101 1068 140 1084 herez
148 1069 158 1081 it
166 1069 205 1085 bu'nz
212 1068 261 1085 agaim
270 1068 291 1081 the
300 1068 333 1080 :nith
342 1068 357 1080 o(
363 1067 416 1080 Cluist’s
425 1067 475 1080 natural
483 1067 524 1083 Body,
530 1069 544 1079 ω
552 1067 568 1079 be
577 1069 590 1079 ιι
598 1071 623 1079 one
631 1067 661 1080 nme
669 1067 682 1079 in

101 1093 137 1102 mm
142 1089 184 1106 pime-
192 1089 223 1102 ιιωι
230 1089 358 1102 one.·*—Vex=ion=m
367 1088 425 1101 utinm
435 1089 457 1101 w.
463 1088 507 1104 Brigm
515 1090 527 1100 ιι
534 1088 548 1100 Ρ.
554 1088 571 1101 G.
579 1087 618 1100 Medd
624 1087 648 1100 hoe
654 1087 683 1100 1000

103 1110 188 1123 adhibuimus
