794 1248
125 84 155 100 128
291 87 329 100 CAP.
342 87 358 100 V.
380 87 406 100 DE
417 87 539 100 SACERDOTxo.

122 127 189 143 difficile
204 127 290 147 videatur;
309 127 339 143 sed
354 127 394 144 totis
413 127 475 143 viribus
493 127 614 143 contendemus
633 132 653 143 ne
673 126 705 142 ista

123 152 207 174 perversio
217 158 256 169 cum
268 158 307 169 vero
318 158 367 169 sensu
379 153 468 169 verborum
479 152 595 169 confundatur.

156 179 191 196 19³*
214 178 286 195 Constat
306 179 356 200 igitur
376 179 474 200 opinionem
494 178 544 195 fuisse
562 178 608 200 quod
628 178 704 195 Christus

124 205 208 221 Dominus
221 210 252 226 pro
265 207 335 226 peccato
348 207 414 221 tantum
427 204 503 225 originali
516 205 615 221 sacrificium
627 210 676 220 suum
688 205 704 220 in

123 235 172 247 cruce
186 231 337 249 consummaverit;
353 235 383 251 pro
397 230 470 251 peccatis
482 232 539 246 autem
552 230 650 249 actualibus,
661 235 704 251 quae

123 257 198 277 quotidie
216 257 349 275 committuntur,
365 259 382 273 ut
402 256 494 276 satisfieret,
510 256 590 273 sacrificia
609 257 625 272 in
642 256 704 272 Missae

123 282 214 299 sollemniis
233 283 308 304 quotidie
327 283 412 299 offerenda
431 282 524 298 instituerit.
548 283 591 298 Earn
610 283 703 298 doctrinm

123 309 186 329 primus
199 309 274 325 omnium
290 308 371 324 Albcrtus
384 308 456 329 Magnus
470 308 486 324 iu
502 313 578 324 sermone
590 308 602 324 i·
612 309 634 324 de
645 308 704 324 Sacra-

123 337 180 350 mento
191 335 306 351 Eucharistiae
316 335 382 350 tradere
391 334 452 355 coepit.
474 335 482 342 ‘¹
488 334 567 351 Secunda
574 333 637 353 eausa,”
646 334 704 355 inquit.

122 361 245 377 “institutionis
256 361 306 377 huius
318 360 417 377 sacramenti
428 363 454 376 est
465 360 563 376 sacrificium
575 360 636 380 altaris,
646 363 704 376 contra

123 387 209 408 quandam
226 387 342 407 quotidianam
358 386 456 402 delictorum
472 388 566 402 nostrorum
582 386 667 407 rapinam;
686 389 704 402 ut

123 413 166 429 sicut
179 413 244 434 Corpus
255 413 324 429 Domini
334 413 386 429 semel
396 413 472 429 oblatum
483 415 509 429 est
520 413 536 428 in
547 418 595 429 cruce
605 418 636 434 pro
646 413 704 429 debito

122 439 204 460 originali,
211 439 236 455 sic
243 438 322 455 offeratur
330 439 389 460 iugiter
397 444 427 459 pro
436 439 496 455 nostris
504 439 606 459 quotidianis
614 439 678 455 delictis
687 439 703 455 in

123 465 177 485 altari,
189 467 206 481 et
218 465 280 481 habeat
293 465 310 481 in
322 465 353 481 hoc
365 465 440 481 Ecclesia
452 470 513 481 munus
524 465 545 481 ad
560 465 661 485 placandum
673 465 703 481 sibi

123 491 184 510 Deum,
192 496 241 512 super
251 491 308 507 omnia
318 491 360 512 legis
370 494 475 507 sacramenta
486 491 511 507 vel
522 491 602 507 sacrificia
612 491 702 511 pretiosum

122 519 140 533 et
150 519 238 537 acceptum
243 516 262 533 ¹.'’
284 516 386 537 Opinionem
397 522 441 536 vero,
451 522 494 537 quae
505 517 548 533 tanti
561 516 633 532 nominis
645 517 704 533 umbra

123 543 232 562 delitesceret,
240 542 285 558 haud
296 542 355 559 mirum
366 545 392 559 est
403 543 419 558 in
427 543 472 564 vulgi
483 543 557 559 savorem
566 542 657 561 devenisse¹
665 548 703 559 cum

123 569 219 590 praesertim
234 569 315 585 rationem
328 568 404 585 sacrificii
416 569 442 585 vel
455 569 526 585 indoctis
538 569 629 585 admodum
644 568 703 585 intelli-

122 594 191 616 gibilem
206 594 304 615 perhiberet.
328 594 370 611 Earn
390 595 441 615 igitur
460 595 476 611 in
497 595 571 611 Ecclesia
590 595 704 615 ingravescere

122 620 167 637 haud
180 620 221 636 falsa
233 620 263 636 fuit
276 620 410 636 Lutheranorum
422 620 494 641 querela,
505 626 556 642 quam
568 621 585 637 in
598 620 703 637 confessione

123 646 224 667 Augustana
241 649 333 662 moverunt
355 646 460 665 ‘'Accessit,'’
479 647 561 668 inquiunt,
576 647 645 668 “opinio
660 652 703 668 quae

122 672 171 688 auxit
184 672 257 693 privatas
271 672 332 688 Missas
345 672 361 688 in
376 672 463 692 infinitum,
475 672 557 691 videlieet,
567 673 612 693 quod
626 673 702 689 Christus

123 703 153 714 sua
166 698 243 719 passione
256 698 354 714 satisfecerit
367 703 397 719 pro
411 701 480 719 peccato
495 698 568 719 originis,
581 701 598 715 et
613 698 703 715 instituerit

124 724 194 740 Missam
207 724 223 740 in
236 729 270 745 qua
284 724 330 740 fieret
343 724 407 740 oblatio
420 729 450 745 pro
464 724 566 745 quotidianis
577 724 647 744 delictis,
659 730 702 741 mor-

123 750 184 766 talibus
194 753 211 766 et
221 750 327 766 venialibus.”
350 750 389 766 Non
400 750 468 771 quidem
479 750 567 766 haereticis
577 753 631 767 totum
640 750 703 766 Missae

123 776 226 793 Sacrificium
237 776 316 792 radicitus
327 776 398 792 evellere
405 776 505 792 conantibus
513 781 544 792 nos
553 781 616 792 morem
624 777 702 797 gerimus,

122 802 152 818 sed
165 802 189 818 eis
202 804 309 823 praetextum
322 802 435 818 conviciorum
449 807 471 818 ex
485 807 540 818 errore
553 802 596 818 intra
609 802 702 818 Ecclesiam

123 828 184 844 diutius
196 827 279 843 residente
290 827 406 848 suppeditasse
418 827 507 848 ploramus.

156 853 192 870 194
216 853 252 869 Nec
260 853 348 869 defuerunt
359 858 379 869 eo
390 856 465 874 tempore
473 854 503 869 viri
511 854 603 870 doctissimi
611 854 639 875 qui
647 854 704 870 neseio

122 884 156 900 qua
168 879 228 895 mentis
239 879 318 900 captione
330 879 370 895 talia
381 879 490 895 tradiderunt-
514 880 592 901 Namque
603 880 704 896 Ambrosius

123 904 229 924 Caffiarinus,
237 905 281 921 inter
288 905 365 921 doctores
376 905 484 921 Tridentinos
495 906 640 925 eminentissimus,
648 906 665 922 in
673 911 704 922 suo

124 931 189 951 speculo
197 930 320 947 Haereticorum
326 931 367 947 haec
375 931 435 948 habet:
447 933 456 939 ‘¹
462 932 523 948 Nonne
531 937 562 953 pro
569 932 618 948 nobis
623 932 704 948 satisfecit

124 957 196 978 Agnus?
219 957 284 978 Utique
294 957 361 978 penitus
371 957 452 974 satisfecit
460 960 492 978 pru
499 958 566 979 antiquo
573 961 637 979 peccato
645 960 663 974 et
673 963 704 979 pro

123 983 202 999 omnibus
210 988 253 1003 quae
261 983 336 999 insecuta
346 986 385 999 sunt
395 986 435 999 ante
443 986 539 1004 susceptum
548 983 581 999 fide
588 984 691 1005 baptismum
699 990 703 1003 ;

123 1011 141 1025 at
149 1011 187 1029 post
195 1009 228 1024 iarn
236 1009 295 1024 datum
304 1009 320 1024 in
328 1009 413 1030 baptismo
422 1014 488 1028 nornen,
496 1012 513 1026 et
521 1009 613 1031 professam
621 1010 703 1031 evangelii

123 1035 177 1056 legem
186 1037 236 1055 atque
244 1037 335 1056 acceptam,
343 1035 357 1051 si
369 1035 411 1055 lapsi
421 1040 484 1055 sumus,
493 1040 526 1051 non
537 1036 596 1052 eadem
607 1041 657 1052 causa
668 1039 704 1056 est;

124 1060 168 1077 facta
179 1064 218 1077 sunt
230 1061 320 1077 novissima
332 1061 415 1077 deteriora
427 1062 513 1082 prioribus,
525 1067 559 1077 non
573 1062 641 1078 ulterius
655 1062 704 1078 relin-

243 1095 248 1103 ¹
257 1096 302 1112 opera,
308 1098 338 1108 mm.
346 1095 367 1108 xii.
374 1099 386 1112 ρ.
393 1096 423 1111 ιμ-
439 1096 473 1108 san.
480 1096 543 1113 Lugduni.
550 1095 585 1112 1651.
