794 1248
99 92 128 108 108
263 95 302 107 CAP.
314 94 331 107 V.
353 94 378 107 DE
389 94 510 107 SACERDOTIOV

97 135 166 151 Ordinis
171 135 205 150 iam
211 136 261 150 antea
268 139 301 150 non
308 138 361 155 pauca
369 133 498 154 disputavimus,
504 138 535 149 nec
541 136 597 149 tamen
604 134 677 149 otiosum

96 161 127 177 erit
135 166 156 176 ea
163 165 262 181 percurrere.
269 165 313 181 quae
321 160 433 176 sacerdotium
441 160 536 180 specialiter
543 159 636 181 respiciant.

130 186 165 203 181.
189 187 209 202 In
224 186 282 207 primis
298 185 390 202 Morinum¹
406 186 516 202 consulemus.
542 186 559 202 Is
572 186 640 207 quidem
653 186 677 201 in-

97 215 228 229 strumentorum
237 213 344 229 traditionem
355 212 377 228 ad
388 212 500 228 substantiam
511 212 622 228 ordinationis
632 217 677 233 presf

98 239 178 260 byteralis
191 239 274 260 pertinere
287 239 356 255 minime
369 239 456 258 concedit;
473 238 527 255 solam
540 238 629 254 sacerdotii
642 243 678 254 ma-

97 265 157 281 teriam
165 270 201 281 esse
211 270 291 281 manuum
303 265 427 286 impositionem
438 270 460 281 ex
471 265 520 285 copia
530 269 570 280 suae
580 264 678 281 eruditionis

98 291 163 312 probat.
184 291 233 307 Hanc
240 291 294 307 solam
303 293 350 307 notat
359 296 417 307 omnes
426 291 510 307 Ecclesias
519 290 593 309 Latinas,
601 290 679 310 Graecas,

99 317 184 336 Barbaras,
193 322 259 338 semper
267 317 364 338 agnovisse;
375 317 418 332 hanc
426 316 480 333 solam
490 317 506 332 in
517 316 595 332 omnibus
605 316 679 337 antiquis

99 343 198 363 Ritualibus,
210 343 226 359 in
239 343 316 359 Patribus
326 343 405 359 omnibus
417 343 484 359 Graecis
496 345 512 359 et
525 342 590 359 Latinis
604 342 678 358 inveniri⁴

99 369 172 385 Graecos
180 369 284 385 demonstrat
292 371 309 384 et
317 368 391 389 legitime
397 371 414 384 et
421 368 476 384 valide
482 368 590 389 Presbyteros
596 368 678 386 ordinare,

98 400 169 416 quorum
177 395 291 411 ordinationes
300 394 375 411 Ecclesia
382 394 460 410 Romana
466 399 532 415 semper
537 394 606 415 aceepit.
625 394 677 415 Apud

98 427 127 437 eos
139 424 195 437 autem
207 421 292 442 incognita
302 423 327 437 est
338 423 355 437 et
365 426 431 441 semper
441 421 527 441 incognita
537 420 568 437 suit
578 420 678 436 instrumen-

98 450 153 463 torum
167 447 239 463 traditio.
263 447 350 467 Legantur
362 449 379 462 et
391 447 487 467 relegantur
498 446 600 463 Graecarum
612 446 677 462 ordina-

98 473 163 489 tionum
177 472 280 492 ἁκολυυθίαι,
293 478 322 489 seu
336 472 414 492 rituales;
431 473 471 489 nihil
485 473 535 491 aliud,
549 473 607 493 inquit,
619 472 678 488 sedula

99 499 169 515 lectione
184 498 299 519 deprehendes
314 501 381 519 praeter
396 503 476 514 manuum
489 498 618 519 impositionem,
631 498 677 519 quod

99 525 178 540 materiae
186 525 269 540 rationem
279 524 347 540 induere
356 525 413 545 possit-
437 524 511 545 Ideoque
522 525 598 540 Morinus
608 529 630 540 ex
641 524 678 545 ipsa

99 550 184 566 Ecclesiae
193 551 280 566 Romanae
290 551 338 571 praxi
348 550 429 566 hodierna
439 550 499 571 probat
510 550 560 566 istam
570 550 677 566 traditionem

99 576 247 592 instrumentorum
262 576 284 592 ad
300 576 411 592 substantiam
427 576 526 592 sacramenti
542 581 575 592 non
591 576 677 597 pertinere.

99 602 185 623 Antiquos
201 602 276 618 Rituales
292 602 362 618 Latinos
377 607 448 623 quoque,
464 602 586 622 Gregorianum
603 602 678 622 aliosque

99 628 224 649 antiquissimos
240 628 379 644 sacramentarios
394 628 450 648 libros,
465 631 537 644 testatur
551 633 569 644 se
584 628 678 649 perlegisse.

100 654 202 670 Profundum
217 656 234 670 et
249 654 310 670 mirum
325 654 346 670 de
361 654 476 670 instrumentis
488 655 533 675 apud
547 660 576 670 eos
589 654 678 671 silentium.

100 680 193 701 Scriptores
203 681 253 696 etiam
265 681 286 696 de
296 680 355 696 officiis
366 680 491 699 Ecclesiasticis¹
501 681 529 701 qui
540 681 564 696 eis
574 681 677 701 temporibus

99 706 185 725 florebant,
191 706 278 725 Isidorum,
283 706 379 725 Alcuinum,
384 706 495 725 Amalarium,
499 706 588 722 Rabanum
594 706 677 727 Maurum,

99 732 199 748 Wali'ridum
218 732 323 752 Strabonem,
339 738 360 748 ne
376 733 446 749 verbum
463 733 531 754 quidem
548 733 570 749 de
586 733 612 749 his
627 733 676 749 rebus

99 759 183 779 scripsisse
198 758 273 774 affirmat.
304 758 380 774 Tandem
396 761 435 779 post
450 763 513 775 annum
531 763 572 775 1000
588 759 678 775 nonnullos

99 787 175 800 auctores
190 784 338 800 instrumentorum
355 784 458 800 mentionem
476 784 535 800 secisse
552 785 634 803 concedit,
649 785 677 805 qui

99 813 156 826 tamen
171 810 280 826 ordinationis
296 813 373 826 naturam
390 810 407 826 in
424 815 481 826 eorum
501 811 591 827 traditione
609 811 678 827 minime

99 839 169 857 ponunt.
192 836 243 852 Porro
254 841 276 852 ex
288 836 361 857 antiquis
373 836 405 852 illis
416 837 513 856 canonibus,
523 837 552 857 qui
562 837 627 853 concilii
639 837 679 853 Car-

99 863 209 883 thaginiensis
220 862 250 878 1v.
257 868 294 878 esse
304 862 344 878 olim
355 863 462 883 putabantur,
470 865 544 884 reportat
554 863 623 879 axioma
633 863 679 884 quod

99 889 170 908 ordines,
181 889 209 909 qui
220 888 326 909 impositione
337 894 417 904 manuum
427 889 559 908 conserebantur,
570 889 679 905 instrumenta

100 920 134 931 non
142 915 231 934 habebant,
239 915 253 931 ei
261 917 322 933 autem,
329 915 389 935 quibus
397 915 507 931 instrumenta
514 917 566 934 erant,
573 915 680 936 impositione

100 946 180 957 manuum
188 940 272 957 carebant.
295 940 362 957 Scilicet
370 941 441 957 maiores
451 946 480 961 per
489 941 543 957 solam
555 941 679 962 impositionem

100 972 185 986 manuum,
191 966 263 982 minores
272 971 301 987 per
308 966 360 982 solam
369 966 516 982 instrumentorum
525 966 632 982 traditionem
640 972 680 983 con-

100 993 199 1009 ferebantur.
222 992 268 1013 Quid
283 998 323 1008 vero
337 993 398 1008 aetatis
413 992 454 1008 haec
469 992 571 1008 caerimonia
587 993 624 1009 ritui
640 998 680 1009 con-

100 1019 206 1035 serendorum
214 1018 291 1034 ordinum
300 1018 381 1034 maiorum
389 1018 481 1037 accesserit,
489 1019 566 1034 Mon-inus
576 1018 620 1034 haud
631 1019 680 1035 facile

101 1045 208 1061 iudicandum
220 1044 290 1065 putavit,
301 1049 339 1060 cum
352 1044 449 1065 praesertim
462 1044 536 1065 episcopi
548 1044 608 1060 diversi
621 1045 680 1060 Ritua-

125 1103 130 1111 ¹
139 1103 197 1116 msa«.
205 1103 238 1116 Ecca
246 1103 292 1116 mm.
298 1107 327 1119 μη
333 1103 350 1115 iii,
358 1103 412 1115 Emer«.
420 1102 441 1115 vu
448 1103 468 1115 De
475 1102 528 1118 mm.
534 1106 562 1118 up.
569 1102 577 1115 i.
584 1102 591 1117 ς
597 1102 618 1114 vn.
624 1106 660 1118 seqq.
