794 1248
218 100 243 112 DE
254 99 383 113 CONCESSIONE
395 99 538 113 vEMPORALlUM.
646 102 666 118 35

87 139 220 156 examinandum
234 140 364 160 progrediamur.
390 139 454 155 Datum
467 140 495 156 26·
505 140 533 156 die
544 140 608 161 Aprilis
622 141 667 161 1536,

87 166 173 182 concessio
180 168 206 182 est
214 166 331 186 temporalium
340 166 384 181 sedis
395 165 508 182 Meneviensis
518 171 567 182 causa
578 167 668 183 vacationis

87 193 103 207 et
109 191 191 207 aestadiae
197 192 335 212 provenientium,
345 192 371 207 cui
382 191 433 207 verba
441 192 524 212 quaedam
536 197 594 213 pamm
605 193 667 209 usitata

87 219 197 233 accesserunt.
217 217 245 233 Ex
253 217 302 233 dictis
310 220 380 238 apparet
388 217 429 233 nihil
437 217 454 233 in
462 217 557 233 huiusmodi
565 218 668 235 documento

88 243 109 259 ad
117 243 260 259 consecrationem
269 245 314 259 recto
322 246 402 264 spectare.
423 243 502 259 Estcourt
510 246 567 259 autem
575 249 597 260 ex
605 244 668 261 additis

88 269 142 285 verbis
153 269 236 285 inusitatis
248 274 312 285 necnon
323 274 345 285 ex
356 269 456 290 quibusdam
467 269 533 285 omissis
543 270 667 286 conclusionem

89 295 148 311 inferre
159 295 212 311 voluit
223 295 269 316 quod
280 295 311 311 hac
322 295 429 311 concessione
441 296 481 311 data
492 300 522 311 rex
537 301 557 311 eo
570 296 668 312 intendebat

89 324 107 337 ut
118 321 183 337 Barlow
190 321 306 342 episcopatum
318 321 382 342 absque
393 322 440 337 omni
451 322 576 338 consecratione
588 323 668 339 continuo

89 350 178 368 occuparet
190 352 209 363 ac
221 348 303 364 retineret

121 373 147 390 43
169 373 194 394 (a)
209 373 316 390 Omittuntur
327 373 416 389 relationes
426 373 447 389 de
455 373 550 390 iuramento
558 373 643 390 fidelitatis
651 377 668 391 et

89 399 110 415 de
122 400 227 415 restitutione
238 399 356 420 temporalium
368 399 466 415 iamdudum
478 399 526 418 sacta,
537 405 581 420 quae
591 400 607 416 in
618 400 668 417 simili

89 426 196 442 concessione
207 431 237 447 pro
249 426 341 442 Cranmero
353 426 463 442 inveniuntur,
486 426 536 446 Ergo,
548 426 571 442 ait
585 426 669 446 Esteourt,

88 452 118 472 (op.
126 452 152 468 cit.
160 457 175 472 p.
187 452 215 472 75)
223 452 320 473 homagium
328 457 357 468 seu
366 451 464 468 fidelitatem
473 457 558 473 nunquam
567 453 669 473 praestitisse

89 478 155 494 videtur
174 477 242 494 Barlow.
265 478 350 499 Quorsum
369 478 422 494 haec?
444 477 481 494 Sub
495 478 562 494 silentio
576 478 670 494 insinuatur

89 504 174 520 conclusio
185 504 230 524 quod
242 509 328 524 nunquam
340 504 357 519 in
368 504 484 524 episcopatum
498 504 572 524 plenarie
585 509 615 525 per
630 509 669 520 con-

90 530 200 546 secrationem
211 533 298 551 promotus
309 530 362 546 suerit.
386 530 431 546 Huic
442 530 532 546 obieetioni
543 535 641 551 responsum
652 531 668 546 in

90 556 141 577 plano
153 556 239 572 habemus.
262 556 325 577 Quidni
337 558 375 577 post
389 556 432 572 hanc
445 556 570 572 concessionem
586 557 669 573 ordinaria

90 583 173 599 restitutio
185 582 220 598 fieri
235 582 303 603 potuit?
326 582 346 598 Id
362 582 424 598 sactum
440 584 505 598 constat
521 583 537 598 in
553 582 619 598 casibus
635 582 670 599 Lee

90 609 164 629 episcopi
186 608 307 625 Licht'eldensis
328 613 373 624 anno
394 612 439 629 1533,
458 611 474 624 et
493 608 578 624 Goodrich
598 608 670 625 Eliensis

90 640 135 651 anno
145 638 190 655 1534,
198 640 269 655 quorum
277 635 393 651 concessiones
401 637 418 650 et
426 635 538 651 restitutiones
549 635 594 655 apud
606 635 670 655 Rymer

90 661 132 681 (xiv.
139 662 177 681 481,
187 662 217 681 528
225 664 242 677 et
249 661 291 682 486)
298 661 368 677 consen-i
376 661 419 677 licet.

123 687 149 704 4⁹.
172 687 196 708 (b)
211 687 236 703 At
246 688 263 703 in
274 687 333 703 litteris
344 687 440 708 patentibus
451 687 520 706 Barlow,
527 687 555 707 qui
563 692 586 703 ex
593 687 670 703 confesso

91 714 166 729 nondum
182 715 289 729 consecratus
304 715 344 732 erat,
359 714 416 728 “nunc
429 713 521 733 episcopus”
536 712 639 733 appellatur;
653 715 670 729 et

91 740 152 756 dicitur
166 739 259 760 capitulum
275 739 382 755 Meneviense
397 743 435 754 eum
451 738 469 754 in
483 744 532 754 suum
550 739 638 759 episcopum
656 741 672 755 et

87 768 170 786 pastorem
181 765 256 786 elegisse,
268 765 291 781 ita
303 767 321 781 ut
332 765 501 781 “Reverendissimus
512 765 529 780 in
543 764 610 781 Christo
623 767 671 785 pater

91 791 167 808 Thomas
171 791 314 812 Archiepiscopus
319 791 445 807 Cantuariensis
450 791 501 807 totius
507 790 581 811 Angliae
588 790 671 807 Prii-natus

91 820 109 834 et
120 818 229 839 Apostolicae
242 817 291 834 Sedis
305 817 379 838 Legatus
390 817 489 833 electionem
502 817 547 833 illam
559 817 671 838 acceptaverit

92 846 109 860 et
120 843 243 859 confirmaverit
255 844 343 864 ipsumque
355 843 378 858 sic
393 843 465 859 electum
480 843 567 863 episcopum
578 843 672 863 praedictae

92 869 171 886 Ecclesiae
183 869 293 885 Meneviensis
303 869 401 890 praefecerit
415 871 431 885 et
440 871 523 889 pastorem
529 868 547 888 '';
564 869 609 884 unde
624 869 670 890 sequi

92 896 158 912 videtur
165 898 184 912 ut
195 896 312 917 praetermissa
322 895 447 911 consecratione
458 900 488 916 per
498 895 561 911 nudam
572 895 671 911 electionem

92 922 208 938 confirmatam
220 922 317 943 episcopum
328 921 379 942 pleno
391 921 426 937 iure
437 921 515 937 constitui
528 921 622 937 censuerint
633 926 671 937 auc-

92 951 137 964 tores
152 948 200 964 huius
216 948 326 964 instrumenti⁴
350 947 394 963 Mira
409 947 477 968 quidem
493 947 555 963 illatiol
578 947 605 962 De
621 947 672 963 titulo

92 974 166 995 episcopi
178 974 226 990 electi
240 979 259 990 ac
272 974 366 990 confirmati
380 973 413 989 iam
427 976 477 989 antea
490 973 531 989 satis
544 973 671 993 disputavimus.

93 1001 120 1016 De
131 1000 187 1016 verbis
198 1005 242 1020 quae
254 1000 332 1016 effectum
344 999 476 1015 confirmationis
487 999 573 1015 declarant
586 999 627 1015 satis
640 999 672 1015 erit

92 1027 181 1043 observare
191 1026 250 1042 eadem
261 1026 344 1047 ipsissima
352 1025 403 1041 verba
414 1025 436 1041 de
447 1025 574 1041 confirmatione
584 1024 671 1041 Cranmeri

93 1053 158 1069 Romae
173 1052 254 1073 expedita
269 1052 286 1068 in
301 1052 351 1068 simili
367 1052 479 1068 documento¹
494 1051 573 1072 usurpari.
600 1051 671 1067 Necnon

116 1086 121 1094 ¹
130 1087 181 1103 Rymet,
189 1086 214 1099 xxv.
223 1090 235 1103 μ
244 1090 273 1103 0⁵7·
290 1086 342 1098 Eisdem
350 1085 392 1098 verbis
400 1087 413 1098 ει
421 1085 463 1097 Mari-
471 1084 514 1101 regina
522 1088 544 1097 us·
552 1086 571 1097 est
580 1088 592 1096 ιιι
600 1084 672 1097 huiusmodi

91 1107 197 1121 munionem.
215 1107 292 1124 Rymemv.
299 1106 360 1122 „aab

586 1131 628 1147 3—2
