794 1248
256 98 280 110 DE
292 97 383 110 PARTIBUS
394 97 519 110 SACRAMENTL
656 97 677 114 59

97 137 185 158 theologos
194 137 295 158 disceptatio
305 139 334 156 est,
345 142 396 158 quam
407 139 464 153 tamen
475 142 576 158 componere
587 142 620 153 non
632 139 677 153 esset

97 163 189 179 admodum
203 163 273 179 difficile.
297 163 317 179 In
330 163 362 178 hoc
375 167 434 178 omnes
447 163 549 179 conveniunt
562 163 607 183 quod
619 163 677 179 dicant

97 191 202 204 sacramenta
216 188 236 205 N.
250 188 270 205 T.
282 194 304 204 ex
318 188 388 204 materia
401 191 418 204 et
432 188 485 204 forma
498 188 585 208 constitui;
600 189 676 209 quamvis

98 219 131 230 non
139 215 197 231 eadem
205 219 264 231 omnes
272 215 336 231 ratione
344 214 385 231 illud
393 214 492 235 intelligant.
510 214 620 231 Sacramenta
627 215 677 234 enim,

97 240 173 261 quamvis
181 240 247 261 proprie
255 245 309 261 neque
319 240 431 261 compositum
442 240 510 261 aliquod
520 240 609 261 physicum
620 240 676 261 appel-

97 266 127 282 lari
137 266 206 287 possint,
217 271 271 287 neque
281 266 393 285 artificiosum,
403 266 465 282 habent
475 268 532 282 tamen
542 266 627 287 quandam
637 271 676 282 cum

97 294 168 312 utroque
181 292 280 313 analogiam.
303 292 326 308 Et
339 292 407 313 quidem
421 292 434 307 si
448 296 486 308 cum
500 297 517 308 re
528 294 564 308 arte
576 291 620 308 sacta
630 297 676 308 eom-

97 320 165 338 paratur
183 320 306 334 sacramentum
324 318 357 338 (est
375 318 420 334 enim
439 320 456 334 et
475 318 529 338 ipsum
549 323 575 333 res
592 318 675 339 quaedam

97 343 197 364 artificiosa),
212 346 247 360 tum
263 344 299 360 sine
314 344 365 360 dubio
379 344 449 360 materis·
462 346 487 360 est
503 343 543 360 illud
561 349 616 363 omne,
630 345 676 365 quod

97 370 179 385 rationem
190 369 234 390 signi
245 369 301 388 habet,
311 369 357 390 quod
368 369 444 385 sensibus
455 370 549 390 percipitur,
559 370 594 385 sive
605 375 630 386 res
640 371 676 386 sive

96 395 157 415 verba;
172 395 231 416 forma
246 397 308 414 autem,
322 395 367 416 quod
383 400 437 416 neque
452 395 518 411 videtur
533 400 587 416 neque
604 396 676 415 auditur,

96 421 159 437 scilicet
172 424 207 437 tam
221 426 275 437 rerum
289 426 339 442 quam
352 421 441 437 verborum
456 421 560 442 significatio.
583 422 608 438 At
619 424 675 443 potest

96 447 147 463 etiam
166 449 289 463 sacramentum
308 447 413 465 oonsiderari,
429 449 447 463 ut
466 449 491 463 est
509 447 563 463 simile
582 448 676 469 composito

96 473 170 494 physico,
176 475 193 489 et
200 473 224 489 ita
229 478 287 489 verum
294 475 320 489 est
327 473 373 494 quod
381 473 432 493 vulgo
439 473 472 489 dici
480 473 527 492 solet,
533 476 675 490 sacramentorum

96 499 184 515 materiam
194 504 231 515 esse
241 504 272 518 res,
279 498 350 515 formam
358 499 413 515 verba.
436 498 486 519 Quod
497 499 520 515 ita
531 499 605 520 explicat
613 499 675 516 Benar-

96 525 151 541 minus
158 525 192 546 (De
202 525 275 541 Sacram.
286 525 313 541 lib.
324 525 333 541 i.
343 530 356 541 e.
367 525 421 545 xviii.)
429 525 463 541 ‘Ut
473 525 490 541 in
501 525 595 546 composito
605 525 675 546 physico

96 551 165 567 materia
177 551 265 572 praecedit,
277 551 330 567 forma
341 551 410 570 aceedit,
423 551 447 567 ita
462 551 478 567 in
490 554 595 567 sacramento
606 552 675 568 verbum

96 577 160 593 accedit
173 577 195 593 ad
207 577 313 593 elementum.
336 577 379 593 Item
391 577 408 593 in
419 578 513 598 composito
524 577 595 598 physico
606 578 675 594 materia

96 605 121 619 est
132 603 260 619 indeterminata
272 603 301 619 sed
312 606 406 619 coarctatur
415 608 425 619 a
435 603 498 623 sorma;
509 603 532 620 ita
543 604 560 620 in
570 607 675 620 sacramento

96 629 164 645 verbum
172 629 273 645 determinat
281 629 409 645 indifferentiam
417 630 521 645 sacramenti.
545 630 621 650 Denique
629 632 647 646 ut
658 630 674 646 in

96 656 190 676 composito
197 655 268 676 physico
276 655 346 671 materia
353 657 379 671 est
387 655 489 676 imperfecta,
497 655 550 671 forma
560 658 586 671 est
596 655 674 676 pei-secta,

95 683 112 697 et
120 681 150 697 dat
157 686 194 697 esse
202 681 229 700 rei,
237 681 260 697 ita
269 681 284 697 in
293 683 398 697 sacramento
405 681 455 697 verba
463 684 502 697 sunt
512 681 561 697 rebus
572 681 674 702 perfectiora,

95 712 133 723 cum
145 710 184 723 sunt
195 707 243 728 signa
255 707 309 723 multo
320 707 389 723 clariora
400 709 417 723 et
428 707 675 727 praestantiora-'—‘Addenda

96 735 143 749 erant
156 733 206 749 verba
221 733 242 749 ad
257 732 354 751 materiam:
366 733 390 749 ait
404 732 519 749 Catechismus
534 733 551 749 C⁴
565 733 584 749 T.
597 734 645 753 (Pars
659 734 675 749 ii.

95 761 159 779 quaesi-
175 758 216 779 xiv.)
230 760 258 774 ‘ut
276 758 350 779 apertior
366 758 458 779 clariorque
477 759 504 778 rei,
520 763 563 779 quae
581 759 674 779 gerebatur,

95 784 195 805 significatio
207 784 256 801 fieret
280 785 336 801 Verba
347 785 391 801 enim
403 785 446 801 inter
456 785 512 801 omnia
522 785 570 805 signa
581 785 673 801 maximam

95 811 128 826 vim
137 811 198 827 habere
206 811 311 831 perspicuum
320 813 354 830 est3
364 815 384 826 ac
392 810 406 826 si
414 811 450 831 ipsa
458 810 517 830 desint,
525 810 574 831 plane
584 811 673 827 obscurum

95 837 130 856 erit,
138 836 218 857 quidnam
227 837 297 853 materia
305 838 446 852 sacramentorum
454 836 530 857 designet
538 841 558 852 ac
565 837 674 857 demonstret,

95 864 113 878 ut
129 863 145 878 in
158 862 245 883 Baptismo
258 862 296 878 licet
308 861 372 878 videre·
395 862 494 878 Notandum
505 865 562 878 tamen
573 863 623 883 quod,
635 868 673 879 curn

95 888 166 904 dicimus
179 891 284 904 sacramenta
298 888 346 904 rebus
359 890 436 904 constare
448 890 465 904 et
476 888 535 907 verbis,
546 888 587 904 illud
601 893 634 904 non
650 888 674 905 ita

95 914 147 935 accipi
155 914 217 930 debeat
224 914 272 934 quasi
279 914 331 930 verba
339 918 371 929 non
380 914 444 935 possint
452 914 478 930 rei
484 914 539 930 locum
547 916 607 934 tenere,
613 917 630 930 et
638 920 673 931 rern

94 945 131 956 esse
143 939 214 956 subinde
226 940 247 956 ad
259 940 311 956 instar
321 939 410 956 verborum*
433 940 461 956 Sic
472 940 488 956 in
498 943 604 956 sacramento
614 941 674 957 Poeni-

95 966 157 982 tentiae
165 965 247 982 consessio
255 970 280 981 res
288 965 348 981 dicitur
355 968 384 982 aut
393 966 462 982 materia
470 966 569 982 sacramenti
575 971 579 985 ;
590 966 606 982 in
615 966 673 982 Matri-

95 991 146 1007 monii
158 993 214 1007 autem
226 993 336 1010 sacramento,
347 991 422 1007 omnium
438 996 524 1011 consensu,
536 991 573 1007 loco
584 992 673 1008 verborum

94 1017 178 1033 sufficiunt
186 1019 236 1033 nutus
244 1019 273 1033 aut
281 1017 358 1033 litterael'

126 1044 152 1060 88.
175 1043 226 1064 “Jam
244 1048 294 1064 saepe
312 1043 419 1059 observatum
434 1043 465 1059 suit
484 1048 494 1059 a
512 1043 595 1064 theologis
609 1046 674 1060 veteres

94 1069 174 1085 ecclesiae
181 1069 269 1090 scriptores
277 1068 318 1084 nihil
326 1068 406 1089 explicite
416 1069 438 1085 de
448 1069 518 1084 materia
528 1071 545 1085 et
556 1069 610 1085 forma
620 1074 674 1085 saera-

94 1097 189 1111 mentorum
197 1095 289 1111 tradidisse.
312 1095 428 1111 Communiter
437 1095 461 1111 illi
472 1095 541 1111 tradunt
551 1095 585 1111 duo
595 1095 612 1111 in
620 1101 674 1112 sacra-
