794 1248
121 96 152 112 116
286 98 325 111 ΕΑΓ.
336 98 353 111 V.
375 98 401 110 DE
411 97 535 111 SACERDOTIO.

118 138 177 159 spiritu
193 138 257 159 gratiae
272 140 289 154 et
304 138 368 154 consilii
384 137 406 154 ad
421 137 539 158 opitulandum
554 137 617 158 populo
632 140 667 156 tuo,
678 137 700 153 ad

118 169 191 185 eumque
199 164 249 180 corde
257 164 320 180 mundo
330 164 464 185 gubernandum,
471 164 514 180 sicut
522 164 611 185 respexisti
619 163 700 184 pupulum

120 192 168 206 tuum
178 190 250 206 electum
261 192 279 206 et
290 190 346 210 Moysi
356 189 420 210 jussisti
431 189 504 205 seniores
514 189 575 210 eligere
587 195 629 210 quos
641 189 700 210 spiritu

120 216 220 237 implevisti;
238 216 285 232 Idem
301 221 345 232 nunc
361 215 435 232 Domine
450 218 521 236 praesta,
536 221 604 232 servans
619 215 636 231 in
651 215 700 231 nobis

119 242 196 263 spiritum
214 242 279 263 gratiae
297 244 336 258 tuae
353 246 386 257 non
402 241 513 260 deficientem,
529 244 548 258 ut
563 241 622 262 plenus
641 247 700 262 opera>

119 268 194 284 tionibus
205 268 226 284 ad
240 268 334 284 sanandum
346 267 394 289 aptis,
405 272 482 283 sermone
494 268 515 283 ad
527 268 622 284 docendum
635 267 700 287 idoneo,

120 294 200 315 populum
213 296 260 310 tuum
273 296 359 310 mansuete
370 293 440 312 erudiat,
451 293 545 314 serviatque
557 294 587 310 tibi
599 294 667 313 sincere,
680 298 699 309 ac

120 322 176 336 mente
184 325 225 340 pura
236 320 326 340 animoque
336 319 403 339 libente,
410 324 430 335 ac
440 324 471 340 pro
481 319 544 340 populo
552 322 582 335 tuo
589 324 636 335 sacra
644 319 675 335 rite
683 321 700 335 et

119 346 156 362 sine
163 346 204 361 vitio
214 348 296 366 operetur,
304 350 333 366 per
343 345 428 361 Christum
439 347 491 363 tuum.
499 350 537 361 eum
548 350 582 366 quo
594 345 632 361 Tibi
642 345 700 366 gloria,

119 371 177 390 honor,
185 371 244 390 cultus,
252 373 269 387 et
278 371 340 387 Sancto
349 370 423 391 Spiritui,
431 371 447 387 in
455 371 525 387 saecula.
549 370 620 387 Amens‘

152 397 187 414 1⁷5<
211 397 270 413 Talem
291 397 412 413 benedictionem
432 397 522 417 respiciunt
542 397 607 417 antiqui
626 402 699 413 canones

119 423 343 444 pseudo-Carthaginienses,
351 423 411 443 quibus
422 425 529 443 praeceptum
537 425 563 439 est
571 425 589 439 ut
596 424 605 431 ‘¹
611 423 700 443 Presbyter

120 454 158 465 cum
172 449 262 467 ordinatur,
274 449 353 470 episcopo
366 453 404 464 eum
418 448 527 464 benedicente
541 450 558 464 et
570 453 638 464 manum
650 453 700 469 super

120 477 171 495 caput
183 475 218 491 eius
233 477 306 493 tenente,
317 474 368 490 etiam
382 479 440 490 omnes
454 474 547 495 presbyteri
560 474 589 495 qui
604 476 700 495 praesentes

120 502 159 516 sunt
173 505 232 516 manus
247 505 286 516 suas
301 500 349 516 iuxta
363 505 431 516 manum
444 500 517 521 episcopi
531 505 581 521 super
594 502 644 520 caput
656 500 700 516 illius

120 526 202 542 teneantff'
225 526 292 547 Quippe
304 526 373 542 materia
385 526 484 542 sacramenti
497 526 583 545 indicatur,
595 525 648 542 forma
661 531 700 542 vero

120 552 166 568 nulla
181 555 262 573 tanquam
278 552 370 568 essentialis
385 552 402 568 in
417 552 473 573 specie
489 552 593 573 praecipitur.
616 551 700 567 Nimirum

120 579 169 595 istam
182 579 315 595 benedictionem
329 583 358 594 seu
370 578 441 594 formam
454 578 592 594 sacramentalem
603 578 625 594 ad
641 580 700 594 nutum

120 605 200 625 cuiusque
213 604 287 625 episcopi
301 604 365 620 infinite
378 604 459 620 variatam
474 604 524 620 fuisse
537 604 619 624 creditum
636 604 700 620 nullum

121 634 177 647 tamen
197 631 218 647 ab
237 631 305 647 eruditis
324 630 413 646 adducitur
431 630 522 651 exemplar,
538 630 583 651 quod
598 633 700 651 potestatem

121 656 223 672 sacrificandi
243 659 287 672 recte
305 656 393 677 exprimat⁴
417 656 465 677 Quae
484 658 540 672 autem
560 656 618 672 ritibus
635 656 700 672 tamdiu

121 683 195 702 deerant,
203 682 271 698 tandem
280 683 297 698 in
306 682 356 698 libros
365 681 478 698 Occidentalis
487 682 572 698 Ecclesiae
580 682 630 698 verba
638 682 700 698 sensim

121 709 225 729 irrepserunt
242 708 261 724 In
268 708 325 724 codice
332 708 432 726 Corbeiensi,
439 708 467 728 qui
474 708 513 724 noni
519 708 581 724 saeculi
587 708 653 724 videtur
660 713 701 727 esse,

121 735 142 750 ad
159 734 283 755 impositionem
301 734 379 754 planetae
398 734 458 754 legitur
477 734 625 750 benedictio—“ut
643 734 702 754 offeras

117 760 205 781 placabiles
216 759 278 775 hostias
284 762 316 780 pro
323 759 393 780 peccatis
403 762 452 780 atque
461 759 575 780 offensionibus
582 760 639 780 populi
649 760 701 776 omni-

117 786 181 807 potenti
192 785 239 802 ΒΜΓ
263 785 328 802 Eadem
342 786 358 801 in
372 785 430 801 codice
441 785 537 806 Anglicano
550 786 611 802 saeculi
625 786 647 802 xi.
661 786 701 802 refe-

121 813 183 829 runtur.
199 811 247 826 iuxta
266 816 316 831 quern
335 813 352 827 et
367 811 408 827 haec
424 811 465 827 dicit
480 811 568 831 episcopus
583 811 605 827 ad
621 816 700 827 manuum

100 846 102 848 >
122 837 245 852 inunctionem:
263 837 350 853 “Benedic
368 837 442 852 Domine
460 839 477 852 et
496 837 581 853 sanctifica
596 837 626 853 has
641 842 701 853 manus

122 862 213 878 sacerdotis
225 862 249 878 tui
259 862 284 878 ad
291 862 407 878 consecrandas
418 862 480 878 hostias
491 868 531 883 quae
538 865 570 883 pro
581 862 643 879 delictis
654 865 702 884 atque

122 888 224 909 negligentiis
227 888 284 909 populi
290 888 394 909 offeruntuffl
410 888 458 904 Haec
466 888 548 904 Morinus¹
556 888 608 905 affert.
624 889 701 905 Tandem

122 914 138 930 in
150 914 208 930 codice
219 914 280 930 saeculi
291 914 319 930 xii.
330 915 374 930 idem
386 915 492 930 doctissimus
504 915 626 931 Porrectionem
637 915 701 931 Instru-

122 943 217 956 mentorum
238 940 305 959 invenit,
324 946 374 961 quarn
394 940 419 956 his
438 941 492 956 verbis
512 941 599 957 memorari
620 944 701 958 testatur:

121 966 214 987 “Expletis
225 967 368 983 benedictionibus
379 967 429 983 saciat
439 967 528 988 episcopus
538 972 603 983 crucem
614 967 630 983 in
641 972 701 984 manus

122 993 224 1014 singulorum
235 993 256 1009 de
264 993 301 1009 oleo
309 996 326 1009 et
334 993 427 1012 chrismate,
435 993 492 1009 dicens
499 994 597 1012 orationem,
606 993 702 1010 consecrare

122 1022 137 1035 et
149 1019 253 1040 sanctficau,
264 1024 361 1040 quaesumus
374 1019 448 1039 Domine,
460 1025 519 1035 manus
532 1020 573 1036 istas
585 1022 611 1036 etc.
635 1020 701 1036 Deinde

123 1048 201 1066 patenam
212 1050 250 1061 cum
260 1045 325 1065 oblatis,
333 1048 350 1061 et
360 1045 429 1061 calicem
440 1050 478 1061 cum
486 1046 530 1065 vino,
537 1046 559 1062 de
567 1045 636 1066 singulis
643 1046 701 1062 dicens

147 1083 152 1091 ¹
161 1083 222 1097 Mouuus.
230 1083 245 1096 de
255 1083 290 1096 Sam
301 1083 346 1096 arata.
356 1083 369 1096 uu
380 1083 417 1096 rum
426 1083 445 1096 11.
455 1088 477 1100 pu.
487 1087 515 1100 ης,
525 1084 553 1097 2⁸⁶.
571 1084 643 1100 Sequuntur
653 1086 666 1097 ει
677 1084 702 1098 uu.

123 1104 179 1116 eiusdem
187 1104 239 1120 genem.
