794 1248
110 86 137 101 Vlll
345 88 453 102 PRAEFATIO.

109 129 203 150 disceptare
217 134 267 150 posse
280 130 301 145 de
315 129 364 146 rebus
375 135 418 150 quae
431 130 479 146 nobis
490 130 536 146 clara
547 133 564 147 et
575 133 633 151 aperta
644 130 690 146 vide-

109 162 163 176 antur.
186 160 228 176 ldeo
240 165 303 176 errores
317 159 383 176 illorum
398 165 431 176 non
443 165 465 176 ex
476 166 518 177 sano
529 163 546 177 et
558 161 622 177 sincero
634 160 690 176 iudicii

109 190 205 206 discrimine
215 193 284 207 exortos
294 191 383 207 aestimare
391 191 470 211 solemus,
477 192 506 208 sed
515 192 624 212 perversitati,
632 191 690 211 fraudi,

109 221 186 238 caecitati
202 221 311 241 voluntariae,
328 224 345 238 et
362 222 432 238 caeteris
451 222 468 238 id
486 228 540 243 genus
555 222 690 243 improbitatibus

110 252 217 273 imputamus.
240 252 295 268 Dolor
307 252 358 268 etiam
369 252 442 269 vulneris
454 258 465 269 a
478 252 550 269 fraterna
564 258 614 269 manu
626 252 690 273 accepti

109 282 163 298 maior
170 285 201 302 est,
210 283 269 298 iniuria
280 283 341 301 durior,
349 282 394 299 fraus
405 283 483 299 acerbior.
506 283 555 304 Quae
564 288 603 299 cum
613 283 690 299 observet

109 312 187 328 inimicus
202 315 267 328 mentes
283 315 348 328 nostras
363 313 432 332 excitat,
445 313 511 329 animos
526 313 624 333 inflammat,
639 312 690 328 corda

110 346 195 362 excaecat,
207 346 225 359 ut
238 348 281 364 quae
295 343 340 364 prius
353 348 393 359 casu
406 343 462 359 forsan
476 343 570 363 acciderint,
582 346 612 360 aut
625 343 690 359 mendis

111 373 200 390 levioribus
206 374 292 395 implicata
298 374 363 394 fuerint,
369 374 385 390 in
392 374 437 390 mala
443 374 521 391 diuturna
527 377 545 391 et
550 375 608 395 gravia
613 374 690 390 evadant.

111 404 172 425 Itaque
183 405 248 421 diversa
260 405 288 421 illa
300 405 345 421 duna
356 407 373 421 et
385 405 460 421 diversae
471 405 581 426 operationes,
591 410 633 426 quas
644 405 691 420 Deus

110 433 149 450 huic
157 434 183 450 vel
194 435 217 451 illi
228 440 248 451 eo
259 434 292 451 fine
302 435 372 454 dederit,
383 437 401 451 ut
412 435 521 456 multiplicem
533 440 580 451 suam
591 435 690 456 sapientiam

111 465 194 484 ostendat,
209 468 226 481 et
241 465 329 482 ecclesiam
344 465 390 481 vario
406 468 466 481 ornatu
485 466 582 486 distinguat,
596 466 691 482 schismatis

112 495 159 516 urigo
174 495 228 512 sactae
243 498 283 512 sunt
288 501 293 515 ;
311 499 328 512 et
343 495 396 516 gloria
411 501 450 512 vera
465 496 497 512 Dei
513 496 529 511 in
545 501 605 512 vanam
620 496 691 517 gloriam

111 526 199 542 hominum
207 526 324 543 dissidentium
331 529 348 542 et
356 531 387 547 pro
394 531 413 542 se
423 526 535 542 laborantium
544 527 603 543 misere
611 531 691 542 conversa

112 559 142 573 est

145 588 207 604 Venire
215 590 271 604 tamen
280 591 336 609 potest
343 594 365 604 ex
372 588 484 604 misericordia
491 588 522 604 Dei
529 588 570 604 hora
576 588 604 604 illa
609 591 691 609 exoptata

112 623 151 634 cum
166 619 212 639 pacis
227 619 328 635 desiderium
343 619 386 635 inter
402 619 505 636 Christianos
520 624 570 640 super
586 619 642 635 omnia
661 619 692 635 im-

112 648 209 669 pedimenta
222 649 286 665 dissidii
300 649 387 665 inveterati
400 650 493 670 consurgat.
516 648 602 669 “Spiritus
615 649 643 665 ubi
656 649 692 665 vult

112 680 169 700 spirat,
176 682 194 696 et
201 685 259 696 vocem
268 680 303 696 eius
310 679 399 696 audimus¹'
406 680 460 701 primo
468 680 527 696 leniter
535 682 666 696 mumurantem
674 680 691 696 in

112 710 182 731 anguliS,
193 710 254 726 deinde
265 710 332 731 gravius
343 712 436 729 sonantem,
446 714 487 725 mox
498 709 564 730 publice
575 712 592 725 et
602 710 691 726 instantius

112 741 235 757 inclamantem⁴
259 741 307 762 Quae
322 741 367 761 hora,
380 741 436 760 credo,
449 746 483 757 non
498 741 548 761 longe
563 741 615 757 abest.
638 741 691 762 Signa

111 772 156 788 enim
164 774 259 793 temporum
268 776 299 787 nos
307 771 395 788 manifeste
406 774 475 787 monent
485 771 522 792 ipsa
532 771 570 787 fidei
581 771 691 788 fundamenta

112 802 173 822 subrui,
185 803 230 819 diem
243 803 356 819 tribulationis
369 803 450 819 ecclesiae
463 802 525 819 adesse.
550 802 582 818 His
595 803 646 823 igitur
657 803 693 819 ani-

113 834 204 850 madversis
212 839 268 850 nonne
275 837 342 855 oportet
350 834 426 850 homines
434 834 543 853 Christianos,
550 834 574 850 ira
582 836 599 850 et
609 834 692 850 discordia

112 865 195 885 sepositis,
201 870 261 880 manus
268 865 338 880 invicem
346 864 415 880 tendere
423 867 440 880 et
448 864 535 880 consilium
544 869 576 880 una
584 869 644 885 capere
651 869 692 885 quo-

112 896 164 912 modo
175 896 246 912 societas
256 895 330 916 antiqua,
340 898 357 911 et
367 900 406 911 cum
417 895 497 911 societate
507 895 588 911 fortitudo
599 897 692 915 martyrum

98 929 102 932 ·
111 926 224 948 pristinorum,
232 926 258 942 his
265 926 325 942 diebus
332 926 411 942 saeculari
420 926 455 942 otio
463 925 529 945 deditis,
537 925 649 941 instauretur?

146 958 195 974 Certe
209 957 225 973 in
239 957 351 973 controversia
366 957 443 973 Romana
459 957 491 972 iras
506 959 523 972 et
538 956 596 972 odium
611 961 693 977 seponere

113 991 188 1004 nostrum
202 990 237 1007 est;
252 987 282 1003 sed
296 987 375 1003 iudicium
388 987 472 1008 integrum
486 989 503 1003 et
516 991 589 1007 aequum
602 991 625 1002 ex
640 986 692 1002 altera

112 1021 160 1039 parte
168 1018 252 1039 postulare
259 1023 317 1034 verum
325 1020 355 1034 est.
379 1018 465 1039 lntegrum
473 1017 516 1037 dico,
524 1022 563 1033 curn
573 1017 665 1033 mendaciis
675 1019 692 1032 et

112 1049 196 1070 figmentis
203 1049 240 1065 Deo
246 1049 307 1065 servire
315 1048 418 1069 impossibile
424 1048 445 1064 sit
451 1053 454 1068 ;
464 1053 536 1068 aequum
543 1053 582 1063 vero
588 1047 693 1068 postulamus

112 1082 130 1096 ut
138 1085 148 1096 a
156 1079 238 1099 fratribus,
245 1079 306 1100 quibus
315 1079 331 1095 in
343 1079 402 1095 melius
412 1078 458 1099 quod
466 1078 529 1094 sactum
540 1078 562 1094 sit
572 1083 606 1094 non
618 1078 634 1094 in
645 1077 692 1099 peius

113 1110 217 1131 interpretari
232 1115 325 1131 congruum
340 1110 366 1126 sit.
389 1109 428 1130 Qua
444 1109 460 1124 in
476 1114 493 1124 re
507 1113 574 1124 necesse
588 1110 618 1127 est,
632 1108 692 1124 mutari
