794 1248
244 98 269 111 DE
280 98 524 112 TRANSSUBSTANTIA'HONE.
643 100 673 117 123

93 137 192 154 doctrinam.
215 139 266 155 Porro
276 139 390 159 quaerendum
401 141 427 155 est
437 144 471 160 quo
481 139 549 155 tandem
560 144 609 155 sensu
620 141 673 155 trans·

93 164 212 180 substantiatio
230 165 330 181 sacramenti
349 167 426 181 naturam
445 167 513 181 evertat.
544 165 673 186 Respondemus

93 189 151 206 dolum
170 190 222 206 latere
241 190 257 206 in
277 190 346 206 notione
363 190 468 207 substantias.
501 191 555 211 Juxta
572 191 673 207 sententiam

94 216 213 235 Realistarum,
225 221 269 237 quae
282 219 358 237 tempore
372 216 442 233 Concilii
457 217 575 233 Lateranensis
588 217 643 238 quarti
656 217 673 233 in

93 242 155 258 scholis
168 242 291 261 dominabatur.
304 243 400 259 substantia
413 245 439 259 est
452 248 490 259 vere
503 248 529 259 res
540 243 674 264 supersensibilis

93 273 137 289 quae
148 269 262 285 accidentibus
274 269 344 288 substat,
352 271 403 290 atque
414 269 436 285 ab
447 269 471 285 eis
483 269 534 285 modo
545 269 605 285 saltem
616 274 672 290 super·

94 294 165 311 naturali
184 294 250 311 realiter
265 295 339 311 abstrahi
355 297 415 316 potest.
446 295 520 316 Ideoque
535 295 619 311 abstracta
634 296 674 311 sub-

94 321 156 336 stantia
164 321 212 341 panis
221 323 289 337 manent
298 321 314 337 in
323 321 390 342 propria
400 326 430 337 sua
442 321 517 337 realitate
524 321 618 337 accidentia
625 321 674 342 panis

93 347 154 367 quibus
166 349 232 363 constat
243 347 311 368 species.
335 347 386 364 Unde
397 348 473 368 sequitur
483 350 501 363 ut
513 352 552 363 vere
562 350 579 363 et
591 347 673 363 obieetive

93 372 143 389 realis
156 373 177 389 sit
191 378 230 394 pars
242 375 313 389 externa
326 373 431 392 sacramenti,
444 378 488 394 quae
503 375 528 389 est
544 373 592 394 panis
607 375 624 389 et
639 373 673 389 vini

93 398 171 419 species&
206 399 239 416 Sed
259 402 348 420 postquam
367 399 384 415 in
403 399 464 415 scholis
483 399 598 420 praevaluerat
615 399 673 420 opinio

95 425 250 444 Nominalistarum.
267 430 328 446 magna
347 425 418 441 subinde
437 428 454 441 et
469 425 529 441 nociva
544 425 620 441 confusio
638 430 673 441 sur-

94 451 167 472 repebat.
191 452 214 467 Hi
226 452 271 467 enirn
283 451 366 467 docebant
377 451 418 467 nihil
430 451 475 467 aliud
487 451 529 467 reale
539 456 575 467 esse
586 451 616 467 nisi
627 451 673 472 quod

95 482 159 493 merum
167 477 189 493 sit
197 477 306 494 individuum.
331 477 432 498 Principium
444 480 500 493 autem
511 477 648 493 individuationis
656 477 673 493 in

94 503 187 520 haecce-itate
197 506 293 524 posuerunt,
305 509 356 525 quam
369 509 391 520 ex
404 503 518 519 accidentibus
530 503 603 524 pendere
616 503 673 524 liquet.

95 529 173 550 Namque
184 530 227 545 inter
236 529 265 546 hoc
274 532 291 546 et
302 530 346 546 illud
354 530 371 546 in
382 530 441 546 eaden-i
452 530 507 551 specie
518 535 551 546 non
562 530 593 545 nisi
604 530 637 545 situ
647 529 673 545 vel

94 555 152 571 habitu
171 555 197 571 vel
217 556 297 572 relatione
316 556 370 572 aliove
388 561 411 572 ex
430 556 544 572 accidentibus
561 555 673 576 distinguitur.

95 581 155 602 Itaque
163 581 211 597 iuxta
219 581 263 597 hanc
273 582 370 602 opinionem
381 581 475 597 substantia
486 581 534 597 realis
543 586 572 602 per
579 581 673 597 accidentia

94 607 160 628 proprie
175 607 280 623 inhaerentia
295 607 421 626 determinatur,
434 612 488 629 neque
504 608 526 624 ab
541 608 565 624 eis
580 607 612 623 nisi
628 612 673 623 mera

94 633 162 649 mentali
176 633 290 650 abstractione
302 634 385 654 segregari
400 636 465 654 potest3
482 634 516 650 imo
529 639 559 650 nec
575 636 672 655 supernatu-

94 659 124 675 rali
134 659 203 680 quidem
215 660 266 675 rnodo
276 660 293 676 id
302 660 325 676 ita
335 660 377 676 effici
389 662 445 680 potest
456 662 474 676 ut
484 660 572 676 desinente
579 660 673 676 substantia

94 688 192 702 remaneant
199 686 216 701 in
224 686 300 702 realitate
307 691 347 702 suae
355 688 425 702 naturae
432 686 528 702 accidentia
549 685 591 701 Inde
599 686 674 706 sequitur

94 714 113 727 ut
126 712 143 727 in
157 711 247 733 hypothesi
261 712 348 728 desitionis
363 712 468 728 substantiae
483 712 531 733 panis
546 712 624 728 desinant
637 716 674 727 esse

94 737 160 753 realiter
172 740 190 753 et
205 738 308 757 accidentia;
324 738 390 754 desinat
405 742 442 753 esse
457 737 523 754 realiter
537 738 601 758 species
617 737 674 758 panis3

93 763 160 779 desinat
175 769 211 780 esse
226 764 257 780 nisi
272 764 288 780 in
302 769 348 780 mero
364 764 482 784 phantasmate
497 766 534 780 tota
550 769 588 785 pais
602 766 674 779 externa

94 790 199 805 sacramenti.
222 790 242 806 ld
252 795 291 806 vero
302 790 341 810 quid
353 792 379 806 est
388 790 420 805 nisi
430 792 507 805 naturam
518 789 618 805 sacramenti
627 789 673 810 peni⁴

95 817 122 831 tus
130 815 216 831 evertere?

127 840 162 857 188.
187 841 225 857 Hoc
232 844 289 857 autem
297 846 401 862 consequens
408 841 453 857 haud
459 841 516 857 statim
524 841 563 857 viris
570 840 674 857 scholasticis

94 867 110 883 in
122 870 195 883 mentem
205 868 254 886 venit,
263 872 293 883 nec
305 868 345 884 satis
357 867 463 888 exploratum
475 867 506 883 suit
517 867 626 883 substantiam
638 867 673 883 No-

94 893 215 909 minalistarum
223 898 290 913 prorsus
300 893 350 909 aliam
361 898 397 909 esse
408 898 427 909 ac
437 892 545 909 substantiam
557 893 673 910 Realistarum.

95 919 122 935 Ita
132 924 172 935 sane
182 919 204 935 ad
214 919 334 935 vocabulorum
345 924 394 935 usum
406 919 482 935 homines
493 918 582 939 alligantur
594 922 612 935 ut
623 924 673 935 sensu

94 945 181 961 verborum
195 945 257 961 sensim
270 948 287 961 et
299 946 403 966 pedetentim
416 947 481 961 mutato
494 945 510 961 in
524 945 583 961 miram
598 945 673 962 idearum

93 971 208 987 confusionem
227 976 260 987 non
280 971 311 987 rari
331 971 410 987 incidant.
438 971 539 987 Huiusmodi
558 971 673 987 confusionem

93 999 172 1018 putamus
180 1002 247 1013 causam
255 998 352 1018 primariam
360 998 410 1013 fuisse
416 997 548 1018 disputationum
557 997 590 1013 fere
598 998 673 1013 omnium

93 1023 115 1039 de
133 1023 243 1039 Sacramento
258 1023 323 1040 Altaris
341 1029 384 1045 quae
403 1024 443 1040 inde
457 1028 468 1039 a
483 1023 550 1039 saeculo
565 1023 599 1039 xiv.
614 1028 673 1044 pacem

94 1049 180 1065 Ecclesiae
188 1051 275 1065 vexarunt.
291 1050 330 1070 Jam
337 1050 382 1066 enim
390 1049 482 1066 fluctuante
488 1049 592 1065 substantiae
600 1049 674 1069 notione,

93 1074 121 1090 alii
134 1074 249 1091 definitionem
262 1075 393 1092 Lateranensern
409 1075 471 1091 incerto
486 1080 536 1091 sensu
551 1074 673 1094 balbutiabant,

142 1108 147 1116 ¹
155 1108 188 1121 Vide
194 1109 263 1121 Funulin.
273 1109 314 1121 Trad-
320 1109 335 1122 de
340 1109 364 1122 SS.
370 1109 458 1121 Euhan‘m'ae
463 1109 548 1123 Summum,
554 1108 592 1121 'nie-s.
600 1108 624 1121 xvi.
