794 1248
114 91 125 107 6
219 94 257 107 CAP.
269 94 280 107 1.
303 94 328 107 DE
340 94 423 107 PARKERI
435 94 598 107 cousecmrtoun.

119 133 197 149 Tractatu
204 133 278 149 canonia
285 133 304 149 de
311 138 358 149 sacra
365 133 468 149 ordinatione
475 133 569 154 nuperrime
577 133 623 150 edito
631 133 649 150 P.
655 132 697 149 Gas-

116 159 161 180 parri
169 160 239 176 eandem
248 159 348 175 sententiam
356 159 383 176 vel
391 159 491 176 luculentius
502 159 545 179 tulit,
553 159 579 175 his
587 159 641 175 verbis
649 164 697 175 usus:

116 185 231 202 “Sacerdotes
246 185 314 206 quidem
330 185 428 202 assistentes
443 191 465 202 ex
481 185 574 206 apostolico
589 185 655 202 indultu
669 190 698 201 ne-

116 214 180 232 queunt
195 216 232 228 esse
247 212 279 228 nisi
294 211 336 228 nuri
348 211 450 231 assistentes-3
467 212 497 228 sed
511 212 585 233 episcopi
600 212 698 228 assistentes

116 239 156 253 sunt
174 237 283 258 probabiliter
300 237 410 253 comministri
427 242 465 253 eum
485 237 565 258 episcopo
579 239 698 253 consecratore,

118 263 163 280 Sane
179 268 212 279 una
226 263 276 279 simul
291 268 330 279 cum
345 263 405 279 eodem
422 263 453 284 ipsi
469 268 529 280 manus
545 264 633 284 imponunt
649 268 699 284 super

116 291 167 309 caput
175 288 229 307 electi,
237 291 254 305 et
261 294 296 305 una
303 289 352 305 simul
361 289 470 309 pronuntiant
478 289 538 305 verbaz
549 289 607 310 Accipae
615 289 698 310 Spiritum

118 315 202 334 Sanctum,
209 315 271 336 quibus
281 315 321 331 solis
331 315 380 331 iuxta
390 318 474 336 receptam
486 315 587 331 sententiam
599 314 698 336 episcopalis

116 341 220 357 consecratio
226 341 278 357 valet:
289 341 334 357 unde
342 346 376 357 nun
384 343 410 357 est
418 341 461 357 ratio
468 346 502 362 qua
510 346 552 357 unus
560 341 615 362 magis
623 341 698 357 minister

116 367 139 383 sit
150 367 280 383 consecrationis
290 367 394 388 episcopalis.
406 372 457 388 quarn
469 367 519 383 ceteri
531 367 570 386 duo,
580 367 609 383 sed
620 366 698 383 coniunc-

117 393 148 409 tim
162 398 221 409 omnes
240 395 280 409 sunt
294 392 344 409 unica
359 398 414 412 causa,
428 398 458 409 seu
474 393 532 409 unicus
547 393 604 409 totalis
623 393 699 409 minister

117 419 247 435 consecrationis
253 418 261 425 '¹
269 419 299 440 (ap.
306 418 331 435 cia
340 423 355 434 n
366 418 418 439 1088).
441 418 492 439 Quod
503 419 516 435 si
526 419 564 439 quis
574 419 591 435 in
599 423 619 435 eo
627 418 699 435 haeserit

116 445 163 465 quod
171 445 272 461 sententiam
282 446 348 460 tantum
359 444 464 465 probabilem
475 444 545 465 protulit
552 445 577 461 vir
587 445 699 463 doctissimus,

117 476 161 492 quae
172 471 189 487 in
201 471 265 487 theoria
277 470 368 487 dumtaxat
379 471 435 491 posita
448 470 489 487 nihil
503 471 524 487 ad
538 471 605 492 praxim
617 471 699 492 respiciat,

117 499 184 517 praesto
197 496 229 513 erit
241 501 261 512 ea
274 496 349 512 conferre
364 501 407 517 quae
421 497 438 512 in
452 497 511 513 eodem
525 502 580 517 opere,
591 502 606 513 n.
623 501 669 516 1112,
680 496 699 513 de

117 522 201 538 tutissima
212 522 291 538 sententia
302 523 320 538 in
328 522 381 543 praxi
390 523 470 544 sequenda
481 523 563 539 disseruit.
587 523 637 539 Putat
648 523 699 542 enim,

117 548 131 564 si
139 549 202 564 omissa
212 548 261 564 fuerit
272 548 357 569 impositio
368 554 448 565 manuum
459 549 510 565 solius
518 549 593 569 episcopi
601 554 699 565 consecran-

118 574 144 593 tis,
155 574 192 590 aliis
203 574 320 590 assistentibus
331 574 420 595 episcopis,
431 574 573 590 consecrationem
585 580 606 590 ne
617 575 649 591 sub
660 580 699 591 con-

118 600 182 616 ditione
189 600 258 621 quidem
266 605 303 616 esse
310 601 423 621 repetendam.
447 601 469 617 Et
477 601 509 617 hoc
517 601 585 622 quidem
591 601 699 617 tutissimum.

119 626 170 642 Plane
183 626 241 647 utique
256 626 306 642 docet
321 627 419 643 assistentes
433 627 527 647 episcopos,
540 626 628 643 deficiente
641 632 699 643 conse-

118 654 183 668 cratore
198 652 290 673 principali,
305 652 372 668 divisim
385 653 408 669 ab
422 658 443 668 eo
458 653 570 669 characterem
585 652 698 674 episcopalem

118 678 214 699 imprimere
232 683 252 694 ac
267 678 322 694 valide
341 683 441 695 consecrare.
472 679 522 695 Hanc
541 681 598 695 autern
617 681 698 700 tanquam

118 707 203 725 receptam
215 705 315 720 sententiam
327 704 390 725 absque
402 705 515 725 disputatione
527 705 601 726 protulit.

151 730 165 746 5.
189 730 255 751 Quibus
261 730 346 751 perpensis
355 730 419 751 liquido
426 731 514 752 apparebit
522 736 556 747 non
564 736 574 747 a
582 731 618 747 solo
626 731 699 747 Parkero

118 756 210 772 derivatam
222 761 258 772 esse
270 756 377 772 traditionem
389 761 473 772 sacrorum
485 757 568 773 Ordinum
582 757 599 773 in
611 757 698 773 ecclesiam

118 782 231 803 Anglicanam
247 782 350 799 hodiernam,
381 782 420 798 Non
436 782 481 799 solus
496 783 541 799 enirn
557 783 592 804 ipse
610 783 699 804 episcopos

117 808 230 827 consecrabat,
242 813 297 829 neque
307 808 329 824 ab
339 808 363 824 eis
374 810 441 824 tantum
453 813 495 829 quos
507 808 535 825 ille
546 809 654 825 consecrabat
666 811 698 825 tra-

117 834 168 850 ducta
174 834 222 850 estin
229 837 304 850 nostrum
311 836 378 855 tempus
385 834 468 850 successio
474 834 600 855 Episcoporum.
619 834 698 851 Otiosum

117 862 162 877 esset
173 860 244 881 amplius
255 860 277 876 de
288 860 320 876 hae
331 865 349 876 re
360 860 451 880 disserere;
462 861 505 877 duas
516 863 582 877 tanturn
593 861 699 878 animadver-

117 886 173 902 siones
178 886 205 902 hic
212 886 305 902 reseremus.
324 886 356 907 (1⁰)
363 886 403 903 Una
408 891 446 902 curn
453 887 490 907 ipso
496 886 569 903 Parkero
573 889 607 903 tres
614 887 699 908 Episcopi,

118 912 151 928 iam
159 912 223 928 dudum
234 912 331 932 consecrati,
339 915 418 933 quattuor
429 913 522 933 Episcopus
530 913 558 929 die
565 914 593 929 21⁰
601 913 699 929 Decembris

120 941 161 958 1559
167 940 317 958 consecraverunv,
323 944 333 954 a
338 939 399 959 quibus
405 939 488 955 successio
494 939 562 955 tandem
569 939 644 955 derivata
650 942 675 955 est
682 939 698 955 in

117 964 221 980 Willelmurn
230 964 283 984 Laud,
290 964 440 985 Archiepiscopum
449 965 599 982 Cantuariensem'.
617 965 649 986 (ε’)
657 965 699 982 Om-

118 996 148 1007 nes
161 991 189 1012 qui
203 991 251 1007 sedes
264 991 341 1012 antiquas
355 991 460 1007 Britannicas
473 991 524 1008 hodie
538 991 615 1008 obtinent
629 991 698 1012 stirpem

118 1017 221 1038 spiritualem
229 1019 246 1033 et
254 1017 366 1033 characterem
373 1017 449 1034 derivant
455 1018 477 1034 ab
484 1018 545 1034 eodem
551 1017 636 1034 Willelmu
645 1018 699 1037 Laud,

118 1048 168 1064 quem
184 1045 322 1059 consecraverunt
340 1043 414 1064 episcopi
429 1043 458 1064 qui
474 1048 508 1059 non
523 1043 574 1059 modo
590 1043 667 1064 Anglica,
680 1046 699 1060 ut

117 1074 168 1090 supra
183 1069 283 1089 notavimus,
298 1069 328 1085 sed
343 1069 394 1085 etiam
410 1069 502 1085 Hibernica
517 1069 543 1085 vel
560 1069 619 1085 Italica
634 1069 699 1090 origine

141 1101 146 1109 ¹
155 1101 207 1116 snum».
213 1101 286 1118 κερ-πω,
292 1102 345 1115 Sauum
351 1102 444 1118 Anglhunm,
450 1105 462 1118 μ
470 1102 490 1114 ⁸2.
586 1101 592 1109 ¹
600 1101 618 1114 lb.
626 1105 638 1118 μ
644 1105 665 1119 9³.
