794 1248
113 96 136 113 90
273 96 312 110 CAP.
324 97 347 110 w.
370 97 395 110 DE
407 97 532 111 ῙΝΊΊΞΝΊΊΦΝΙΞΔ

112 136 190 157 quamvis
205 137 292 156 contraria,
307 137 388 158 impedire
403 138 461 158 possit,
476 142 514 153 cum
530 137 594 154 scilicet
609 138 626 154 id
645 138 692 159 quod

114 162 189 179 Ecclesia
197 162 231 179 fieri
239 163 279 179 velit
287 163 315 179 ille
322 166 339 180 et
348 163 402 180 facere
410 164 500 180 intenderit
508 166 525 180 et
533 166 572 180 actu
580 164 641 180 fecerit.

145 188 171 209 (3)
193 188 251 205 Tertio
266 192 335 205 censent
351 189 401 210 aliqui
417 190 477 210 requiri
492 190 561 211 quidem
580 190 692 206 intentionem

113 214 183 230 ministri
197 214 287 231 mentalem
301 220 331 231 seu
344 215 433 235 internam,
444 221 477 236 qua
490 221 508 232 se
521 216 606 232 moraliter
621 216 692 232 subiciat

112 240 200 261 principali
215 241 277 262 agenti,
289 241 319 257 sed
331 241 374 257 hanc
389 242 499 258 intentionem
513 247 543 263 per
554 242 605 258 verba
618 247 662 263 quae
675 242 691 258 in

111 269 217 282 sacramento
228 267 310 286 dicuntur,
321 269 339 283 ut
349 267 373 283 ait
384 267 402 284 S.
414 267 493 287 Thomas,
504 268 567 284 seilicet
579 273 609 289 per
621 268 691 284 formam

112 292 223 311 essentialem,
235 293 257 309 ita
270 293 347 314 exprimi.
360 295 378 309 ut
390 293 467 309 minister
478 293 509 310 hac
521 295 584 310 utendo
595 294 617 310 ad
629 297 691 310 rectam

111 318 221 335 intentionem
231 319 323 335 necessario
331 319 413 340 alligetur,
421 320 452 335 nisi
460 320 488 341 qui
497 321 571 341 apertius
581 320 691 337 declaraverit

111 349 129 360 se
137 344 181 361 aliud
190 345 276 366 quoddam
284 345 370 362 intendere
378 350 429 366 quam
437 346 482 366 quod
492 346 568 362 Ecclesia
576 346 656 362 intendat-

143 373 169 394 (4)
191 373 256 394 Quarta
264 373 325 394 opinio,
329 379 373 394 quae
381 374 414 389 iam
422 374 527 390 communior
534 374 591 393 evasit,
600 377 625 390 est
633 379 690 390 eorum

111 399 140 419 qui
151 399 222 415 doceant
233 400 256 416 ita
267 400 326 420 requiri
337 400 353 416 in
365 400 441 415 ministro
452 400 562 416 intentionem
573 400 633 416 saltem
641 405 691 421 gene-

111 425 163 441 ralem
173 429 190 442 et
201 426 217 441 in
228 425 298 442 confuso
306 426 376 442 faciendi
387 426 432 446 quod
440 425 480 442 facit
489 426 568 445 Ecclesia,
577 429 595 442 ut
603 426 616 442 si
624 431 657 447 qua
665 425 691 442 vel

111 451 127 467 in
136 452 192 468 animo
200 453 235 468 eius
244 452 310 468 latuerit
318 452 400 468 contraria
409 452 483 472 intentio,
491 455 614 469 sacramentum
622 453 691 469 omnino

111 482 145 493 non
153 478 237 494 consistat.

144 504 179 521 138
203 504 251 521 Talia
259 505 275 521 in
283 505 382 521 tractatibus
389 505 411 521 de
418 505 526 521 sacramentis
535 505 551 521 in
559 510 620 526 genere
628 505 691 525 passim

110 530 222 551 disputantur,
236 536 267 547 nec
283 533 357 547 nostrum
373 531 404 547 erit
419 533 474 547 tantas
490 536 590 552 componere
605 530 647 547 lites.
671 531 691 547 Id

111 556 165 572 solum
181 557 229 573 nobis
244 557 329 577 competit,
345 559 364 573 ut
378 562 401 572 ex
417 557 487 578 singulis
502 557 609 578 opinionibus
625 557 690 573 unicam

111 583 191 599 adeamus
204 583 323 604 quaestionem,
337 585 391 599 utrum
406 583 477 599 Barlovo
491 583 535 599 obici
549 583 602 604 possit
615 583 691 599 defectus

111 608 212 629 intentionis,
223 609 252 630 qui
265 609 407 625 consecrationem
422 609 488 626 Parkeri
502 609 518 625 in
531 609 601 625 dubium
613 614 691 626 revocare

110 637 165 655 queat.
189 635 248 656 ltaque
262 635 338 656 neglecta
352 635 405 656 prima
419 635 432 651 si
446 636 537 651 secundam
553 636 650 656 opinionem
666 640 691 651 re-

110 662 219 682 spexerimus,
224 661 276 677 dubia
281 661 329 677 facile
335 661 424 677 solventur.
443 662 522 682 Namque
529 667 552 678 ex
558 662 608 678 dictis
613 662 652 683 (cap.
659 662 691 682 iii.)

110 690 180 709 apparet
193 690 272 704 externos
285 691 337 707 actus,
348 688 377 709 qui
389 688 405 704 in
418 689 449 704 ritu
462 688 557 709 Anglicano
570 691 690 709 proponuntur,

110 714 132 730 ad
144 719 199 730 sacras
209 714 323 730 ordinationes
332 719 371 730 vere
381 714 493 730 conficiendas
504 714 596 730 intentione
605 714 690 730 Ecclesiae

110 740 230 756 determinatos
243 745 283 756 esse.
307 740 344 756 Hos
357 743 413 756 autem
428 740 517 756 Barlovum
533 740 549 756 in
565 740 690 756 consecratione

111 766 177 782 Parkeri
193 766 235 782 serio
250 766 346 782 adhibuisse
361 771 415 785 nemo,
427 766 458 782 nisi
474 765 575 782 fabulatores
590 766 611 782 de
627 766 690 782 ludicro

109 792 222 809 diversorianu
236 792 339 813 ineptissimi,
353 797 426 813 unquam
442 792 529 808 dubitavit
553 792 604 808 Unde
620 795 690 812 constat,

110 818 123 834 si
136 818 152 834 in
164 819 207 835 hanc
218 819 314 839 opinionem
326 819 425 837 discedatur,
433 823 471 834 eum
483 821 521 834 actu
534 818 625 834 intendisse
636 818 690 834 facere

110 845 155 865 quod
168 844 244 861 Ecclesia
255 844 300 860 facit.

143 870 178 887 1³9.
202 870 231 887 Sin
243 873 300 886 autem
312 870 370 886 tertiae
382 870 456 891 opinioni
468 870 532 886 sautum
543 870 574 886 erit
584 870 643 886 eodem
655 870 690 886 fere

110 896 161 912 modo
168 896 220 912 dubia
230 896 319 915 diluentur,
326 901 364 911 cum
375 896 443 916 quidem
455 896 520 912 Barlow
527 896 579 912 verba
586 896 652 912 ritualia
660 901 689 912 seu

109 922 180 939 sormam
188 922 287 939 sacramenti
296 922 353 943 procul
360 922 411 938 dubio
417 922 532 943 pronuntiarit,
538 927 592 943 neque
598 922 632 938 ullo
638 923 690 938 modo

110 949 186 964 indicarit
196 954 214 964 se
223 948 269 964 aliud
278 948 369 969 quoddam,
379 953 430 968 quam
441 948 485 968 quud
497 948 573 964 Ecclesia
584 948 665 967 intendat,
673 948 690 964 in

109 975 133 991 eis
141 975 244 996 proferendis
252 975 347 991 intendisse⁴

142 1001 178 1017 140.
201 1001 230 1017 Ad
245 1003 322 1021 quartam
337 1000 434 1021 opinionem
450 1000 560 1021 pervenimus,
573 1005 623 1021 quarn
639 1000 690 1021 paulu

109 1027 190 1048 prolixius
202 1027 299 1047 expendere
311 1026 406 1047 praestabit.
430 1026 508 1047 Namque
520 1026 592 1042 obicitur
604 1026 621 1042 in
633 1026 690 1042 animo

110 1053 175 1070 Barlovi
191 1052 299 1074 probabiliter
314 1052 382 1068 latuisse
399 1052 499 1068 contrariam
517 1052 628 1068 intentionem
645 1057 690 1073 quae

109 1083 179 1096 externo
198 1079 236 1095 ritui
255 1079 328 1095 valorem
347 1078 486 1094 sacramentalem
507 1078 592 1094 adimeret.
627 1078 690 1099 Ecquis

108 1108 164 1121 autem
178 1104 281 1121 voluntatem
297 1104 365 1120 alterius
380 1105 396 1120 in
412 1105 469 1120 animo
484 1104 564 1120 latentem
580 1104 690 1124 cognoverit?
