794 1248
332 94 454 108 TESTIMONIA.
662 94 683 111 23

102 135 153 156 igitur
160 137 218 156 aperte
228 134 301 151 affirmat
312 134 403 150 Parkerum
414 134 489 155 aliosque
499 134 548 150 iuxta
555 134 606 150 ritum
615 134 683 150 Edwar-

102 161 160 177 dinum
179 163 285 176 consecratos
304 160 358 177 fnisse.
382 161 429 177 Idem
449 163 506 176 tamen
526 161 542 176 in
562 160 621 176 eodem
640 160 683 176 libro

102 187 190 208 episcopos
204 186 309 208 Anglicanos
324 187 415 203 insectatur
430 189 511 207 tanquam
526 187 540 203 si
555 186 628 203 officium
644 191 682 207 pas-

102 210 155 229 torale
170 213 216 229 nulla
230 218 298 234 prorsus
314 213 440 229 consecratione
458 215 533 234 accepta,
547 212 597 229 nullis
612 212 683 228 aliorum

102 239 218 260 episcoporum
235 239 312 255 manibus
327 239 415 260 impositis,
428 239 460 255 sibi
474 241 585 259 arrogassent.
608 238 684 259 Ideoque

102 265 152 281 docet
163 264 242 281 Estcourt
252 265 282 285 (op.
292 265 318 281 cit.
328 270 344 285 p.
357 265 395 285 126)
405 270 443 281 eum
452 265 527 285 aliosque
535 264 610 281 eiusdem
618 264 683 285 generis

102 291 197 312 scriptores,
211 295 249 307 cum
265 291 305 306 talia
321 290 421 309 iactitarent,
436 296 469 306 nun
486 290 548 306 sactum
564 291 593 306 sed
609 290 683 306 valorem

102 317 232 333 consecrationis
242 317 354 338 impugnasse.
375 317 412 333 Imo
423 317 479 337 potius
489 317 538 333 nobis
548 316 615 337 quidem
625 316 683 332 viden-

102 346 130 360 tur
138 344 154 359 in
163 343 247 364 praesules
254 343 359 364 Anglicanos
370 348 422 359 vanas
429 343 555 364 obiurgationes
563 343 587 359 ita
594 343 683 361 vomuisse,

103 372 121 386 ut
129 375 147 386 se
155 369 200 390 ipsos
208 369 309 385 incautiores
317 368 394 385 refutent.

135 395 160 411 32.
184 395 250 411 Deinde
258 397 277 411 ut
285 395 375 411 Parkerum
384 395 433 411 iuxta
440 395 490 411 ritum
498 395 618 411 Edwardinum
626 400 683 411 revera

102 424 216 438 consecratum
229 421 279 437 fuisse
289 422 403 440 ostendamus,
413 423 495 437 statutum
506 422 516 437 8
527 421 571 437 Eli-v.
582 424 613 442 cap.
624 425 630 437 ι
642 421 683 437 cita-

102 447 162 466 bimus,
170 447 215 468 quod
227 449 295 468 propter
304 447 376 468 litigium
388 447 460 463 Bonneri
468 452 506 462 cnm
517 447 577 462 Horno
584 447 637 463 latum
645 448 682 463 est’.

104 473 142 489 Hoc
157 478 197 489 vero
212 475 294 489 statutum
312 473 412 493 quaestiones
427 472 514 493 ambiguas
528 472 607 493 respexit,
622 473 683 493 quibus

102 499 228 519 archiepiscopo
241 500 259 514 et
270 498 353 519 episcopis
364 498 473 517 obiciebatur,
483 498 529 518 quod
541 498 580 514 inde
593 498 615 514 ab
627 497 682 514 Eliza-

101 524 153 541 betha
164 526 244 545 regnante
254 524 341 545 illegitime
351 524 444 540 confirmati
455 524 528 540 investiti
539 524 631 540 consecrati
643 523 683 539 suis-

102 553 144 566 sent
164 550 223 571 Itaque
229 552 247 566 ut
255 549 377 565 causidicorum
383 549 498 565 cavillationes
504 550 571 570 penitus
579 549 682 568 tollerentur,

101 576 127 597 (ι)
133 578 219 592 ostensum
225 578 251 592 est
256 575 348 592 clausulam
355 576 404 591 istam
411 575 504 596 Supplentes
510 576 579 592 Litteris
584 575 682 592 Patentibus

102 602 181 618 insertam
196 602 246 618 fuisse
260 607 294 622 quo
307 601 372 618 facilius
387 602 494 622 quaestiones
509 601 591 617 eiusmodi
607 602 682 618 curiosae

102 628 223 647 dirimerentur,
236 630 253 644 et
266 628 292 649 (2)
305 630 386 644 statutum
402 630 428 644 est
442 628 463 648 (i)
478 630 496 644 ut
512 628 592 644 Ordinale
606 630 682 649 ternpore

102 654 181 670 Edwardi
195 655 226 671 VI.
237 659 323 671 annexum
335 654 386 670 Libro
396 654 465 670 Pmum
476 654 587 674 Publicarum,
597 654 625 675 qui
637 659 682 670 anno

101 680 156 701 primo
164 680 274 696 Elizabcthae
285 681 301 696 in
312 685 360 696 usum
372 682 459 696 revocatus
466 682 507 699 erat,
514 680 565 701 pleno
573 680 608 696 iure
618 680 681 696 stabili-

101 709 150 725 retur¹
159 707 185 727 (ii)
193 709 211 722 nt
221 707 283 725 omnia¹
291 711 334 727 quae
345 707 361 722 in
372 706 444 722 cuiusvis
455 706 580 722 consecratione
588 706 621 722 iam
632 708 682 722 antea

101 732 146 749 sacta
156 735 212 748 essent
223 738 253 754 pro
264 733 307 748 bene
318 738 338 748 ac
346 735 391 749 recte
401 733 423 748 ab
431 732 478 748 initio
486 732 564 753 perfectis
572 732 681 751 haberentun

102 756 168 774 necnon
181 758 212 779 (iii)
226 761 245 774 ut
258 759 278 777 ei,
291 758 320 779 qui
335 758 406 774 antehac
420 758 468 774 iuxta
481 758 586 779 praedictum
603 757 682 774 Ordinale

102 789 163 800 munus
173 785 303 801 consecrationis
313 785 422 805 accepissent,
433 784 467 800 iure
479 784 551 805 promoti
562 787 579 800 et
589 784 681 800 consecrati

101 811 253 831 pronuntiarentur.
276 810 304 826 Ex
315 810 361 826 hisce
371 813 418 831 patet
428 810 454 831 (a)
465 812 547 826 statutum
558 810 579 826 ad
591 810 681 826 Parkerum

102 836 172 857 perinde
185 841 205 852 ae
218 839 282 852 ceteros
298 836 385 857 episcopos
400 838 480 857 spectare.
495 841 533 852 cum
548 836 623 852 clausula
638 836 681 856 Sup-

98 862 164 883 plenus,
175 867 218 882 quae
232 862 249 878 in
262 862 299 878 solo
312 862 347 878 eius
360 867 400 878 casu
414 862 482 878 Litteris
496 862 594 878 Patentibus
607 863 681 881 accessit,

101 888 186 907 reseratur,
193 890 244 908 atque
254 888 293 904 ideo
304 888 328 908 (b)
339 888 429 904 Parkerum
440 888 489 904 iuxta
499 888 549 904 ritum
561 888 681 904 Edwardinum

101 919 158 930 revera
165 916 280 930 consecratum
289 913 348 933 suisse;
359 913 433 934 alioquin
444 919 466 929 ex
476 913 508 930 hac
516 914 553 934 lege
564 913 632 930 serenda
640 914 681 930 nihil

101 940 116 956 ei
127 942 247 960 proventurum
259 939 321 958 fuisset,
330 944 383 960 neque
394 940 468 960 episcopi
480 945 523 960 quos
535 940 562 955 ille
574 942 681 960 promoverat

101 966 122 982 ab
136 966 172 981 istis
185 965 316 981 cavillationibus
328 965 445 981 contumeliosis
458 971 501 986 quae
512 966 529 981 in
541 967 599 982 statuti
611 966 681 982 exordio

101 994 215 1007 memorantur
225 991 291 1007 liberati
301 991 375 1007 fuissent.
399 991 482 1008 Nimirum
494 992 568 1012 Lingard
577 992 632 1008 citatis
640 997 681 1008 non-

101 1017 152 1033 nullis
162 1017 246 1038 excerptis
256 1017 331 1033 ostendit
342 1017 396 1038 legem
407 1018 424 1033 in
435 1018 502 1038 planam
515 1018 609 1034 nullitatem
621 1018 681 1034 abiisse

101 1062 127 1075 first
133 1062 176 1078 yms‘
193 1062 264 1078 Staplewn,
270 1062 282 1074 A
293 1062 385 1075 emmanuet
392 1064 404 1075 ta
412 1063 431 1075 M.
439 1063 492 1075 vae's
503 1063 544 1079 Vagae
552 1063 594 1075 man
602 1063 653 1079 aga-'nst
660 1063 680 1075 M.

101 1083 178 1097 Famam,
185 1083 217 1095 Pres.
224 1083 240 1095 ιο.
247 1083 270 1099 91⁵.
288 1083 321 1096 mn
329 1083 387 1097 lavanii.
395 1083 430 1099 iffi,

126 1103 130 1111 ¹
140 1103 185 1120 snm,
192 1107 205 1115 ιι.
212 1107 231 1119 14.
