794 1248
265 98 290 111 DE
302 98 410 111 MffllSTERH
422 98 525 111 smemnus.
665 94 687 114 89

139 138 175 155 138.
198 138 246 159 Quae
265 143 303 154 cum
322 143 344 154 ex
364 137 454 154 ministerii
471 137 540 153 notione
557 137 630 158 generali
645 142 687 153 sane

106 164 185 184 defluant,
197 164 214 180 in
226 167 305 185 promptu
317 166 342 180 est
354 164 409 180 dicere
421 163 524 184 episcopum,
536 164 564 184 qui
576 163 686 179 ministerium

106 195 155 206 suum
163 190 272 210 exsequendo
280 192 326 206 actus
334 192 415 206 externos
422 189 443 205 ad
453 189 503 205 finem
511 194 595 205 sacrorum
602 189 686 205 Ordinum

106 216 244 232 conserendorum
253 216 345 232 intentione
354 216 440 232 Ecclesiae
448 216 519 231 directos
526 215 625 235 adhibuerit,
631 220 687 231 sacros

107 242 180 258 Ordines
187 247 226 258 vere
236 244 287 262 atque
297 241 386 258 efficaciter
396 241 496 258 collaturum
505 246 547 257 esse.
569 241 687 257 Verumenim-

107 274 147 285 vero
162 273 195 284 non
211 271 265 284 totam
281 268 396 289 quaestionem
411 268 434 284 ita
449 268 585 288 disceptavimus
608 267 687 288 Namque

107 295 150 311 inter
168 295 245 310 doctores
264 294 324 310 acriter
341 294 447 315 disputatum
466 296 491 309 est
510 298 583 314 quanam
600 294 615 309 in
631 293 687 314 specie

106 321 218 337 constituatur
228 321 324 336 huiusmodi
336 321 380 336 actio
392 320 509 336 ministerialis,
533 320 627 341 Apparebit
642 320 686 336 enim

107 347 192 368 quaerenti
208 350 241 363 tres
256 352 293 363 esse
309 347 396 363 ministerii
411 347 479 368 speeies*
503 346 559 362 Prirna
574 349 599 362 est
612 347 648 362 eius
660 346 686 362 cui

107 376 173 390 tantum
181 376 229 389 actus
240 378 281 394 pure
291 376 371 390 externus
382 373 498 394 praecipiatur,
509 375 527 389 ut
539 373 552 388 si
563 373 600 393 quis
611 372 687 388 ministro

107 405 138 416 suo
151 399 212 415 sermm
224 399 309 420 quoddam
324 400 393 415 terendo
406 399 477 420 expoliri
493 399 603 419 imperaverit.
627 398 687 414 Altera

107 428 133 442 est
144 425 179 441 eius
190 425 217 441 cui
227 428 275 441 actus
287 425 308 441 ad
321 427 384 441 certum
397 425 448 441 finem
460 424 545 441 moraliter
555 425 627 440 directus
639 429 687 445 prae-

107 452 183 472 cipiatur,
191 454 210 467 ut
217 451 230 467 si
239 451 277 472 quis
285 451 361 467 ministro
371 456 402 467 suo
412 450 473 467 serrum
485 450 571 471 quoddam
582 450 605 466 ita
615 450 686 466 terendo

107 478 178 499 expoliri
190 477 297 498 imperaverit
309 480 327 494 ut
339 477 377 494 loco
388 483 418 493 suo
430 477 447 493 in
463 477 542 493 machina
555 477 628 497 quadarn
642 479 687 492 recte

107 506 184 525 aptetur;
203 504 296 520 cuiusmodi
312 504 406 520 ministrum
426 503 525 519 intentionis
544 503 608 519 domini
627 503 686 519 saltem

108 530 206 551 participem
222 529 257 546 fieri
273 535 341 546 necesse
357 532 387 546 est.
410 529 468 545 Tertia
482 532 508 546 est
524 529 559 545 eius
574 529 601 545 cui
620 531 687 545 tantum

108 556 179 572 intentio
192 556 256 572 domini
271 556 357 575 indicetur,
369 561 419 576 quam
434 556 489 572 modis
502 561 525 572 ex
539 555 609 572 scientia
622 561 652 572 sua
665 556 687 572 ad

108 582 158 598 finem
166 582 210 603 aptis
218 582 297 603 perficiat,
306 584 324 598 ut
335 582 348 598 si
359 582 396 603 quis
407 582 483 598 ministro
494 582 590 598 machinam
601 583 687 603 quandam

108 612 153 625 recte
162 609 215 629 aptari
224 608 334 629 imperaverit.
358 608 423 630 Quibus
431 609 517 630 perpensis
525 609 575 625 tertia
583 608 616 624 iam
624 609 688 629 species

108 636 172 652 ratione
187 638 330 652 sacramentorum
346 636 415 651 omnino
430 635 530 654 excluditur,
545 640 583 651 cum
604 635 688 651 Dominus

109 664 166 678 noster
173 663 190 677 et
198 661 263 677 Auctor
273 664 416 678 sacramentorum
424 661 512 677 materiam
520 664 537 677 et
547 661 618 677 sormam
627 661 687 677 saltem

109 688 125 703 in
141 692 206 708 genere.
222 692 242 703 ne
257 687 297 708 quid
316 687 390 703 strictius
409 687 502 708 loquamur,
522 687 561 707 Ipse
579 687 687 708 praeceperit

109 713 170 729 Restat
183 715 201 728 ut
215 716 244 729 aut
258 713 275 729 in
289 713 343 734 prima
355 715 384 729 aut
397 713 414 728 in
426 713 499 728 secunda
510 713 566 733 specie
577 713 689 729 constituatur

109 739 219 755 ministerium
227 741 374 758 sacramentorum,
382 744 412 755 nec
420 739 461 754 satis
469 741 535 754 constat
543 744 565 754 ex
571 738 688 759 theologorum

109 765 158 781 dictis
170 765 202 780 utri
214 764 304 781 favendum
317 765 342 782 sit.
365 765 411 786 Quid
423 766 444 781 de
454 765 485 781 hac
496 770 513 781 re
523 765 628 786 disputatum
639 765 688 781 suerit

109 796 131 807 ex
143 791 192 807 variis
204 791 300 807 auctoribus
312 791 409 807 summatim
423 793 489 807 tantum
501 791 604 812 collegimus,
617 796 688 812 quorum

109 817 182 836 nomina,
192 822 231 833 curn
242 817 288 833 locos
298 822 396 833 communes
406 817 523 838 theologorum
534 817 608 836 citemus,
619 817 689 833 minime

109 843 184 864 proderit
196 843 282 858 rettulisse.

142 868 178 885 187.
200 868 226 889 (1)
244 868 272 884 Ae
282 869 337 889 primo
347 871 386 884 sunt
396 868 425 889 qui
435 868 503 884 tradant
513 869 623 885 ministerium
634 874 688 885 sacra-

110 897 204 911 mentorum
213 894 229 910 in
238 894 303 910 actibus
311 899 351 915 pure
359 894 434 910 externis
442 895 465 910 ita
473 895 557 914 constitui,
565 897 584 911 ut
591 895 605 911 si
613 895 650 916 quis
658 895 689 911 hos

109 923 157 937 actus
172 920 198 937 vel
214 921 251 937 ioco
266 921 340 942 posuerit
355 924 478 937 sacramentum
493 926 531 937 vere
549 921 630 938 conficiat.
654 921 688 938 Sed

110 947 126 963 in
140 947 171 963 hac
182 947 261 968 opinione
273 947 314 963 nihil
326 947 432 967 morabimur,
443 953 487 968 quae
498 948 522 963 eis
533 950 599 964 tantum
611 948 689 964 convenit

109 974 138 995 qui
150 974 241 990 efficaciam
254 974 354 990 sacramenti
367 979 389 990 ex
402 974 439 990 sola
452 973 485 990 fide
498 974 604 994 suscipientis
616 974 689 995 pendere

109 999 184 1019 credant,
191 999 225 1015 imo
233 1004 277 1020 quae
284 1002 354 1016 naturae
361 1000 461 1016 sacramenti
469 1005 537 1020 prorsus
546 1003 631 1020 repugnat.

142 1025 168 1046 (2)
187 1025 247 1041 Altera
257 1026 315 1046 opinio
325 1028 351 1042 est
361 1030 419 1041 eorum
430 1025 458 1046 qui
469 1028 528 1046 putent
536 1025 627 1041 efficaciam
634 1031 689 1041 sacra-

110 1052 162 1067 menti
173 1056 195 1067 ex
206 1051 299 1067 intentione
310 1051 396 1067 Ecclesiae
407 1051 431 1067 ita
441 1051 514 1072 pendere
524 1053 543 1067 ut
553 1051 567 1067 si
577 1052 605 1072 qui
614 1052 689 1067 minister

110 1079 157 1093 actus
172 1082 218 1093 mere
232 1080 313 1094 externos
328 1083 350 1094 ex
369 1078 415 1094 iussu
431 1077 516 1094 Ecclesiae
531 1078 574 1094 serio
589 1078 689 1096 adhibuerit,

110 1106 234 1120 sacramentum
247 1104 330 1123 conficiat,
343 1104 390 1120 cuius
403 1104 476 1120 valorem
490 1104 535 1120 nulla
548 1109 579 1120 sua
592 1104 690 1123 intentione,
