794 1248
126 100 156 117 134
289 99 327 112 CAP.
339 99 355 111 V.
377 98 403 111 DE
413 98 535 112 SACERDOTIO.

123 140 247 156 confirmarunt.
276 139 330 159 Multi,
346 139 422 157 fatemur,
440 141 498 154 contra
516 138 607 157 dixerunt;
626 143 658 153 non
679 137 702 153 illi

123 166 191 187 quidem
199 166 233 182 veri
244 165 330 182 Ecclesiae
340 165 445 186 Angiicanae
456 165 556 183 defensores,
565 164 594 180 scd
603 164 658 185 potius
667 163 703 179 lues

124 192 227 211 Calviniana,
234 192 263 213 qui
274 192 290 208 in
302 191 378 208 Ecclesia
388 191 523 210 demorabantur,
535 190 615 206 beneficia
625 189 703 210 corripiev

123 218 169 237 bant,
177 218 268 239 dignitates
279 218 310 234 sibi
321 217 426 238 arrogabant,
436 222 467 233 nec
477 219 534 233 tamen
546 216 631 233 Ecclesiae
642 216 702 237 regulis

123 244 222 263 serviebant,
229 249 260 260 nec
268 244 327 260 ritibus
334 244 478 264 obtemperabant,
486 249 516 260 nec
527 243 613 260 doctrinae
623 242 702 259 assentie-

123 270 194 290 bantur3
211 271 245 286 imo
260 270 289 291 qui
303 272 341 291 post
355 269 415 291 longas
430 270 522 286 discordias
538 269 591 290 ipsam
608 269 701 285 Ecclesiam

124 296 141 312 in
152 296 198 312 brevi
212 296 297 316 triumpho
308 296 393 312 duxerunt
407 296 507 316 penitusque
518 295 585 311 abolere
598 294 703 310 conabantur

124 321 201 342 puritani.
230 322 269 338 Non
286 326 326 337 sane
343 321 365 337 ab
383 321 416 337 illis
434 321 498 337 edisces
515 321 556 342 quid
571 326 609 337 vere
627 320 702 337 docuerit

125 347 200 364 Ecclesia
212 347 312 368 Anglicana.
340 347 397 364 Satius
409 347 440 363 erit
452 347 502 363 libros
514 347 586 363 virorum
598 346 673 363 fidelium
685 349 702 363 et

124 374 212 390 doctorum
225 374 283 390 animo
296 373 377 390 benevolo
391 373 503 394 perpendisse,
516 378 559 394 quus
574 372 643 393 longum
658 375 702 388 esset

124 401 232 416 enumerare¹.
256 399 310 415 Multa
321 399 344 415 illi
354 401 413 415 contra
423 399 520 420 opinionem
528 398 664 415 Catharinianam
673 399 702 414 vix

124 426 217 442 necessaria
235 425 324 445 invehunt;
343 430 376 441 non
394 425 452 446 paucis
467 425 534 441 eximiis
553 424 636 445 theologis
653 425 702 440 istam

124 452 220 472 opinionem
236 452 320 468 immerito
334 451 420 471 obiciunt3
439 456 472 467 non
487 456 527 467 vero
543 451 653 470 Bossuetium,
669 456 702 467 non

123 477 220 496 Veronium,
230 483 263 494 non
275 477 337 493 multos
347 477 389 493 alios
399 477 421 493 de
432 476 517 493 Sacrificio
529 477 592 493 Missae
603 477 702 493 disserentes

124 503 233 520 reformidant
237 505 246 519 ¹.
270 503 348 524 Namque
356 503 372 519 in
379 503 396 519 S.
404 503 508 519 Eucharistia
514 508 571 519 verum
577 503 703 524 quodammodo

124 529 178 545 offerri
190 529 288 545 sacrificium
300 531 383 545 testantur
393 529 482 550 scriptores
493 529 583 550 Anglicani
595 529 629 545 fere
639 534 703 548 omnes,

124 556 201 577 quamvis
209 556 225 572 id
235 556 301 572 cautius
311 555 381 571 sortasse
391 560 442 576 quam
452 555 513 571 rectius
523 556 595 572 tradant
619 555 701 571 Nimirum

124 582 167 598 adeo
181 585 226 598 metu
242 582 323 603 perterriti
338 582 404 603 saepius
415 582 493 598 videntur
506 587 527 598 ne
539 582 555 598 in
568 582 618 598 istum
630 587 701 598 errorem

124 614 178 625 novae
191 608 311 629 redemptionis
324 608 421 628 reciderent,
432 611 451 624 ut
464 608 557 624 doctrinam
570 608 656 624 Ecclesiae
669 608 702 624 Ro-

125 640 184 651 manae
204 637 299 655 suspectam
319 634 405 653 haberent,
426 640 473 651 suam
494 635 563 651 cautelis
585 634 703 655 prolixioribus

124 661 235 677 obscurarent.
259 661 305 677 Audi
319 663 374 677 tamen
387 661 479 677 Andrewes
485 662 519 676 :—“
526 660 556 676 Est
568 660 584 676 in
597 660 703 676 Eucharistia

123 687 170 708 quod
181 687 266 703 Sacrificio
277 687 367 706 Paschatis,
376 687 418 703 sicut
430 687 510 703 memoria
521 686 587 707 figurae,
598 686 703 707 respondeat.

125 713 161 729 Illis
172 713 234 729 dietum
246 715 276 732 est,
288 712 326 728 Hoc
337 712 386 729 facite
399 713 415 728 in
428 713 460 728 mei
472 712 638 733 praefigurationem:
651 712 703 731 nobis,

125 739 164 755 Hoc
177 739 227 754 facite
242 739 258 754 in
273 739 305 754 mei
319 739 500 754 commemorationem.
523 738 611 759 Quatenus
626 738 658 753 illis
672 738 703 754 suit

124 764 227 783 sacrificium,
238 764 316 781 illatenus
328 766 345 780 et
356 764 414 780 nobis:
431 764 497 785 proprie
508 767 564 780 autem
576 764 661 785 loquendo
672 769 703 780 nec

124 791 157 806 illis
171 796 200 807 nec
216 790 274 810 nobis;
292 795 369 811 namque,
383 792 401 806 ut
416 795 483 806 sensum
497 790 613 810 theologorum
626 790 703 806 exactius

124 817 219 835 reseramus,
227 817 294 833 unicum
302 819 327 833 est
335 817 369 832 veri
377 816 450 832 nominis
460 816 558 832 sacrificium
570 816 628 832 mortis
636 816 703 835 Christi,

124 843 174 863 idque
182 842 233 859 semel
244 845 310 858 tanturn
321 843 337 858 in
350 843 405 863 Ipsius
413 845 466 858 morte
476 845 514 859 actu
525 844 665 861 consummatum,
673 842 702 858 sed

124 870 141 884 et
147 873 213 889 semper
220 873 230 884 a
236 868 317 889 principio
323 868 381 884 mundi
388 873 417 889 per
423 868 492 889 figuram
499 871 549 884 antea
555 870 703 889 repraesentatum,

124 897 141 910 et
157 899 187 915 per
202 894 379 910 commemorationem
393 899 459 915 semper
472 895 493 910 ad
510 899 562 915 usque
575 894 638 910 saeculi
652 893 702 910 finem

124 923 183 941 postea
195 920 288 941 repetitum.
312 920 331 936 ld
339 920 407 941 quidem
419 920 473 936 solum
485 920 584 936 sacrificium
596 919 702 939 absolutum;

124 952 175 963 omne
182 947 227 962 aliud
236 946 323 962 relativum
331 949 348 962 et
356 946 514 967 repraesentativum
523 951 545 962 ex
554 946 597 962 illius
605 946 702 966 operatione

124 973 202 989 effectum
215 978 264 989 suum
278 973 339 989 habere
351 977 418 988 necesse
431 972 476 988 est¹.’¹
499 972 575 988 Tandem
588 972 649 988 nostris
660 974 702 988 tem-

148 1025 153 1033 ¹
162 1025 200 1038 Mum
206 1025 275 1038 :eruum-n
281 1025 314 1041 apud
321 1025 390 1042 rmus.»
395 1025 415 1038 estu
422 1025 466 1039 unm.
472 1025 497 1037 No,
504 1026 527 1039 sn
539 1025 564 1037 ηε
571 1024 647 1040 mamea!
651 1024 703 1041 offena

123 1047 165 1063 osma
172 1047 219 1063 Βεὼρ
226 1046 241 1062 ι]
246 1046 306 1062 Bruttia,
314 1050 336 1063 pp.
345 1050 368 1062 ¹0⁴
373 1050 415 1063 sequ„
425 1046 491 1058 umnam
500 1046 530 1062 (Εμ
539 1045 640 1060 Sambana-uu)
648 1045 702 1061 marg«,

125 1068 161 1084 1⁸⁶7.
167 1072 188 1084 pp.
198 1072 220 1084 ιη
226 1071 261 1084 seqq.
268 1068 304 1083 (edit,
311 1067 328 1083 „A

148 1088 154 1096 ¹
163 1089 216 1104 Pnlrner,
225 1089 281 1101 Tmtiu
286 1092 302 1101 ou
307 1089 327 1101 Ille
334 1089 389 1103 Chumt,
395 1088 420 1101 vol.
427 1088 440 1100 ii,
446 1092 459 1104 p>
465 1087 489 1103 ⁴63
495 1088 530 1103 (edit,
538 1088 554 1102 π).

148 1109 154 1117 ·
162 1109 206 1122 “This
212 1110 222 1122 is
228 1109 237 1122 ir
243 1109 256 1121 in
262 1109 283 1122 the
292 1109 357 1122 Emerui-in
366 1108 392 1121 that
400 1109 469 1121 mwereth
477 1111 490 1121 ιο
498 1109 519 1121 the
527 1108 581 1121 saci-ism
589 1108 602 1121 in
610 1108 631 1121 the
638 1112 701 1124 passover,
