794 1248
268 94 392 108 OBIECTloNEs
405 94 549 108 ENUNCIANTUR.
667 93 696 110 107

149 134 185 151 1⁶⁹.
208 134 325 151 Sacerdotium
333 134 448 154 Anglicanum
460 136 539 154 quattuor
550 134 656 154 potissimum
668 138 694 149 ra—

115 161 189 177 tionibus
196 163 308 182 oppugnatur,
318 165 389 181 quarum
400 160 444 176 duae
455 160 476 176 ad
488 160 544 178 ritum,
555 160 599 176 duae
609 160 630 175 ad
642 159 695 175 inten—

116 187 179 203 tionem
199 186 284 202 Ecclesiae
303 188 383 207 spectant
409 186 473 202 Omnes
491 185 588 202 summatim
608 186 640 201 hoc
659 185 696 201 loco

116 217 234 233 proponemus.

149 238 175 259 (a)
197 239 217 255 In
225 238 258 254 ritu
269 238 364 259 Anglicano
374 243 405 259 pro
415 238 512 254 ordinandis
523 237 624 258 presbyteris
634 238 697 253 omissa

116 267 142 280 est
150 264 232 285 porrectio
240 264 393 280 instrumentorum.
414 264 460 284 Ergo
468 264 539 280 materia
546 266 571 280 est
579 264 696 284 inadaequata.

149 290 173 311 (b)
196 290 247 306 Nulla
255 290 271 306 in
280 290 312 306 hoc
320 290 352 306 ritu
360 290 431 305 occurrit
440 290 503 306 mentio
513 290 602 310 potestatis
612 289 696 306 offerendi.

117 317 163 338 Ergo
171 317 225 333 forma
232 319 258 333 est
266 316 344 332 invalida.

149 343 171 363 (c)
194 342 269 358 Ecclesia
275 342 370 363 Anglicana
376 344 427 363 negat
432 342 493 358 realem
499 342 612 358 Praesentiam
618 341 697 362 Corporis

117 369 178 386 Christi
190 369 207 385 in
219 369 236 385 S.
249 369 359 385 Eucharistia.
382 368 407 384 At
419 369 432 384 si
445 368 490 384 nulla
503 368 524 384 sit
536 368 584 384 realis
597 368 696 387 Praesentia,

117 395 181 411 nullum
197 397 223 411 est
237 394 347 414 sacrificium3
366 395 379 410 si
395 394 460 410 nullum
475 394 497 410 sit
513 394 616 414 sacrificium,
632 394 696 410 nullum

116 421 233 437 sacerdotium*
256 421 302 441 Ergo
314 420 390 437 Ecclesia
403 420 478 441 Anglica
490 420 571 441 implicite
584 420 630 436 reicit
643 425 697 436 sacer-

117 448 182 463 dotium
191 452 221 463 nec
229 447 324 463 sacerdotes
332 446 385 462 facere
393 446 469 462 intendit.

149 473 174 494 (d)
198 472 273 489 Ecclesia
281 472 376 493 Anglicana
384 472 476 488 formaliter
483 474 534 492 negat
542 471 559 487 in
568 471 584 488 S.
591 471 697 487 Eucharistia

115 499 214 515 sacrificium
225 498 285 514 offerri,
308 498 378 514 Necnon
392 498 442 514 Ritus
453 498 563 514 ordinationis
578 497 697 518 presbyteralis

116 525 138 541 de
146 525 227 541 industria
236 527 311 540 mutatus
322 526 351 544 est,
362 526 380 540 ut
391 524 438 540 notio
449 524 552 540 sacrificandi
563 529 629 545 prorsus
640 523 697 539 exclu-

115 551 186 567 deretur.
202 551 248 571 Ergo
255 550 331 566 Ecclesia
337 550 433 571 Anglicana
440 555 497 566 verum
504 550 615 567 sacerdotium
622 550 696 566 conferre

117 582 151 593 non
160 577 236 592 intendit,

151 603 165 618 E
174 602 265 618 rationibus
273 602 322 618 tertia
330 604 347 618 et
354 604 414 622 quarta
423 602 439 618 in
448 607 468 618 eo
476 607 512 618 esse
522 602 619 618 conclusum
627 602 697 622 videtur,

117 632 136 645 ut
144 630 157 645 si
166 629 193 650 qui
200 629 288 650 episcopus
295 634 317 644 ex
324 631 380 644 mente
387 629 473 644 Ecclesiae
479 628 585 649 Anglicanae
591 629 697 649 presbyteros

117 655 223 674 ordinaverit,
235 660 268 671 non
281 654 332 670 modo
344 655 454 670 intentionem
466 655 527 670 habere
541 657 612 675 nequeat
626 654 697 670 faciendi

117 681 163 702 quod
171 681 210 697 facit
219 681 294 697 Ecclesia
303 681 394 700 Catholica,
405 681 434 697 sed
445 681 496 697 etiarn
507 684 546 697 actu
557 681 629 702 positivo
639 680 697 696 volun-

116 707 156 723 tatis
164 707 312 723 contradictorium
321 707 407 727 quoddam
416 707 497 725 intendat,
505 707 551 727 quod
559 706 631 722 valorem
643 711 697 722 sacra-

118 733 169 749 menti
178 733 246 749 omnino
254 733 324 749 adimat.

234 797 259 818 (a)
280 797 307 813 De
317 797 420 813 Porrectione
430 797 581 814 Instrumentorum.

151 840 186 857 160.
210 841 247 857 Has
262 841 313 862 igitur
328 841 402 857 rationes
417 841 537 861 expendemus.
565 840 592 856 Ac
607 841 661 861 primo
676 841 698 857 de

119 867 225 883 Pei-rectione
239 867 390 883 Instrumentorum
405 867 540 887 respondendum
554 869 583 882 est.
607 867 627 882 In
641 867 698 883 Ponti-

118 892 162 909 ficali
178 893 297 909 Sarisburiensi
312 893 371 909 eadem
389 895 454 913 reperta
469 895 495 909 est
509 893 610 909 caerimonia
623 898 667 914 quae
680 893 696 909 in

119 919 212 935 Pontificali
227 919 305 935 Romano
318 919 412 935 adhibetur.
435 919 483 935 Haec
496 924 539 938 vero,
552 919 568 935 in
581 919 635 940 prima
647 919 697 935 resor-

119 946 193 962 matione
201 946 242 961 ritus
250 945 340 966 Anglicani
347 948 416 965 retenta,
422 946 530 966 postmodum
536 951 581 962 anno
589 949 629 966 1552
636 946 698 962 omissa

118 971 153 988 suit
184 972 223 993 Qua
238 972 274 988 sola
289 972 382 988 mutatione
397 972 510 988 ordinationes
526 972 574 988 iuxta
589 972 633 988 hunc
648 972 698 988 ritum

118 998 203 1014 consectas
218 998 264 1013 omni
281 997 337 1013 valore
354 998 428 1018 privatas
446 1003 482 1014 esse
500 997 568 1018 quidam
586 999 698 1018 putavemnt'.

119 1023 187 1040 Scilicet
198 1024 319 1044 porrectionem
331 1024 478 1040 instrumentorum
491 1029 521 1044 pro
533 1024 602 1040 materia
613 1024 697 1040 essentiali

118 1049 228 1066 ordinationis
242 1050 361 1070 presbyteralis
376 1052 445 1071 ponunt,
471 1050 498 1066 De
513 1050 583 1066 materia
598 1050 697 1066 sacramenti

290 1100 295 1108 ι
304 1101 324 1113 ιω
329 1101 372 1113 sunm
378 1101 431 1116 unibus,
438 1103 456 1117 op.
462 1101 483 1114 ae.
491 1105 503 1117 μ
511 1104 531 1117 37,
